<?xml version="1.0" encoding="UTF-8"?>
<!DOCTYPE html PUBLIC "-//W3C//DTD XHTML 1.0 Transitional//EN"
    "http://www.w3.org/TR/xhtml1/DTD/xhtml1-transitional.dtd">
<html xmlns="http://www.w3.org/1999/xhtml" xml:lang="en" lang="en">
 <head>
  <title>
</title>
<meta http-equiv="Content-Type" content="text/html;charset=utf-8" />
  <meta name='ocr-system' content='tesseract 3.04.00' />
  <meta name='ocr-capabilities' content='ocr_page ocr_carea ocr_par ocr_line ocrx_word'/>
</head>
<body>
  <div class='ocr_page' id='page_1' title='image "aulipersiiflacc00achagoog_0329.png"; bbox 0 0 2775 4619; ppageno 0'>
   <div class='ocr_carea' id='block_1_1' title="bbox 575 348 2203 473">
    <p class='ocr_par' dir='ltr' id='par_1_1' title="bbox 575 348 2203 473">
     <span class='ocr_line' id='line_1_1' title="bbox 575 348 2203 473; baseline -0.001 0"><span class='ocrx_word' id='word_1_1' title='bbox 575 398 712 473; x_wconf 78' lang='lat' dir='ltr'><strong>Ex</strong></span> <span class='ocrx_word' id='word_1_2' title='bbox 760 399 1062 465; x_wconf 79' lang='lat' dir='ltr'><strong>LmRo</strong></span> <span class='ocrx_word' id='word_1_3' title='bbox 1107 398 1365 467; x_wconf 68' lang='lat' dir='ltr'><strong>xxvi</strong></span> <span class='ocrx_word' id='word_1_4' title='bbox 1408 400 1725 469; x_wconf 74' lang='lat' dir='ltr'><strong>SA&#39;rm.</strong></span> <span class='ocrx_word' id='word_1_5' title='bbox 1964 348 1967 351; x_wconf 31' lang='grc'>’</span> <span class='ocrx_word' id='word_1_6' title='bbox 2028 358 2155 473; x_wconf 72' lang='lat'><strong>23&#39;5</strong></span> <span class='ocrx_word' id='word_1_7' title='bbox 2199 352 2203 360; x_wconf 37' lang='lat'><strong>¹</strong></span> 
     </span>
    </p>
   </div>
   <div class='ocr_carea' id='block_1_2' title="bbox 105 528 2147 2168">
    <p class='ocr_par' dir='ltr' id='par_1_2' title="bbox 105 528 2147 2168">
     <span class='ocr_line' id='line_1_2' title="bbox 1065 528 1194 585; baseline 0.023 -3"><span class='ocrx_word' id='word_1_8' title='bbox 1065 529 1094 582; x_wconf 95' lang='grc' dir='ltr'>Ῑ</span> <span class='ocrx_word' id='word_1_9' title='bbox 1116 528 1194 585; x_wconf 88' lang='lat' dir='ltr'><strong>X.</strong></span> 
     </span>
     <span class='ocr_line' id='line_1_3' title="bbox 183 621 1781 703; baseline 0 -20"><span class='ocrx_word' id='word_1_10' title='bbox 183 621 424 703; x_wconf 60' lang='lat' dir='ltr'><strong>&#39;Aggere</strong></span> <span class='ocrx_word' id='word_1_11' title='bbox 449 622 512 681; x_wconf 87' lang='lat' dir='ltr'><strong>in</strong></span> <span class='ocrx_word' id='word_1_12' title='bbox 533 622 804 702; x_wconf 79' lang='lat' dir='ltr'><strong>jaciendo</strong></span> <span class='ocrx_word' id='word_1_13' title='bbox 826 666 843 695; x_wconf 91' lang='lat'>,</span> <span class='ocrx_word' id='word_1_14' title='bbox 874 623 922 679; x_wconf 88' lang='lat' dir='ltr'><strong>si</strong></span> <span class='ocrx_word' id='word_1_15' title='bbox 951 642 1074 701; x_wconf 90' lang='lat' dir='ltr'><strong>quo</strong></span> <span class='ocrx_word' id='word_1_16' title='bbox 1103 636 1192 681; x_wconf 90' lang='lat' dir='ltr'><strong>est</strong></span> <span class='ocrx_word' id='word_1_17' title='bbox 1214 625 1401 683; x_wconf 84' lang='lat' dir='ltr'><strong>vineis</strong></span> <span class='ocrx_word' id='word_1_18' title='bbox 1425 626 1569 683; x_wconf 85' lang='lat' dir='ltr'><strong>actis</strong></span> <span class='ocrx_word' id='word_1_19' title='bbox 1596 644 1781 703; x_wconf 76' lang='lat' dir='ltr'><strong>opu5‚</strong></span> 
     </span>
     <span class='ocr_line' id='line_1_4' title="bbox 150 721 1928 804; baseline -0.004 -17"><span class='ocrx_word' id='word_1_20' title='bbox 150 781 163 787; x_wconf 85' lang='lat'><strong>-</strong></span> <span class='ocrx_word' id='word_1_21' title='bbox 181 724 454 782; x_wconf 83' lang='lat' dir='ltr'><strong>Primum</strong></span> <span class='ocrx_word' id='word_1_22' title='bbox 475 721 540 779; x_wconf 90' lang='lat' dir='ltr'><strong>id</strong></span> <span class='ocrx_word' id='word_1_23' title='bbox 559 722 702 784; x_wconf 81' lang='lat' dir='ltr'><strong>dant</strong></span> <span class='ocrx_word' id='word_1_24' title='bbox 721 740 962 799; x_wconf 85' lang='lat' dir='ltr'><strong>operam</strong></span> <span class='ocrx_word' id='word_1_25' title='bbox 980 763 998 793; x_wconf 94' lang='lat'>,</span> <span class='ocrx_word' id='word_1_26' title='bbox 1025 734 1094 778; x_wconf 91' lang='lat' dir='ltr'><strong>ut</strong></span> <span class='ocrx_word' id='word_1_27' title='bbox 1115 742 1296 799; x_wconf 84' lang='lat' dir='ltr'><strong>quam</strong></span> <span class='ocrx_word' id='word_1_28' title='bbox 1321 722 1587 803; x_wconf 86' lang='lat' dir='ltr'><strong>primum</strong></span> <span class='ocrx_word' id='word_1_29' title='bbox 1608 722 1928 804; x_wconf 85' lang='lat' dir='ltr'><strong>appellant.</strong></span> 
     </span>
     <span class='ocr_line' id='line_1_5' title="bbox 373 820 1170 876; baseline -0.004 1"><span class='ocrx_word' id='word_1_30' title='bbox 373 841 380 847; x_wconf 93' lang='lat'>·</span> <span class='ocrx_word' id='word_1_31' title='bbox 1093 820 1170 876; x_wconf 91' lang='lat' dir='ltr'><strong>X.</strong></span> 
     </span>
     <span class='ocr_line' id='line_1_6' title="bbox 182 912 1716 993; baseline 0.001 -17"><span class='ocrx_word' id='word_1_32' title='bbox 182 920 268 976; x_wconf 89' lang='lat' dir='ltr'><strong>Ut</strong></span> <span class='ocrx_word' id='word_1_33' title='bbox 297 918 346 975; x_wconf 86' lang='lat' dir='ltr'><strong>si</strong></span> <span class='ocrx_word' id='word_1_34' title='bbox 373 916 632 977; x_wconf 84' lang='lat' dir='ltr'><strong>eluviem</strong></span> <span class='ocrx_word' id='word_1_35' title='bbox 661 912 851 974; x_wconf 82' lang='lat' dir='ltr'><strong>facere</strong></span> <span class='ocrx_word' id='word_1_36' title='bbox 879 936 986 993; x_wconf 90' lang='lat' dir='ltr'><strong>per</strong></span> <span class='ocrx_word' id='word_1_37' title='bbox 1010 928 1276 974; x_wconf 88' lang='lat' dir='ltr'><strong>ventrem</strong></span> <span class='ocrx_word' id='word_1_38' title='bbox 1302 916 1449 974; x_wconf 80' lang='lat' dir='ltr'><strong>velis</strong></span> <span class='ocrx_word' id='word_1_39' title='bbox 1476 936 1681 978; x_wconf 82' lang='lat' dir='ltr'><strong>curare</strong></span> <span class='ocrx_word' id='word_1_40' title='bbox 1697 959 1716 987; x_wconf 90' lang='lat'>‚</span> 
     </span>
     <span class='ocr_line' id='line_1_7' title="bbox 181 1004 1599 1092; baseline -0.002 -18"><span class='ocrx_word' id='word_1_41' title='bbox 181 1013 485 1074; x_wconf 86' lang='lat' dir='ltr'><strong>Omnibus</strong></span> <span class='ocrx_word' id='word_1_42' title='bbox 513 1012 769 1071; x_wconf 85' lang='lat' dir='ltr'><strong>distento</strong></span> <span class='ocrx_word' id='word_1_43' title='bbox 806 1032 1052 1092; x_wconf 86' lang='lat' dir='ltr'><strong>corpore</strong></span> <span class='ocrx_word' id='word_1_44' title='bbox 1079 1014 1336 1092; x_wconf 82' lang='lat' dir='ltr'><strong>exspiret</strong></span> <span class='ocrx_word' id='word_1_45' title='bbox 1361 1013 1469 1072; x_wconf 79' lang='lat' dir='ltr'><strong>vis·</strong></span> <span class='ocrx_word' id='word_1_46' title='bbox 1591 1004 1599 1013; x_wconf 59' lang='lat'><strong><em>⁹</em></strong></span> 
     </span>
     <span class='ocr_line' id='line_1_8' title="bbox 210 1114 1209 1175; baseline -0.007 0"><span class='ocrx_word' id='word_1_47' title='bbox 210 1170 218 1175; x_wconf 91' lang='lat'><strong>.</strong></span> <span class='ocrx_word' id='word_1_48' title='bbox 1077 1114 1139 1171; x_wconf 88' lang='lat' dir='ltr'><strong>X</strong></span> <span class='ocrx_word' id='word_1_49' title='bbox 1158 1114 1209 1167; x_wconf 95' lang='grc' dir='ltr'><strong>Ῑ.</strong></span> 
     </span>
     <span class='ocr_line' id='line_1_9' title="bbox 187 1193 1631 1307; baseline -0.001 -40"><span class='ocrx_word' id='word_1_50' title='bbox 187 1212 374 1267; x_wconf 86' lang='lat' dir='ltr'><strong>Curet</strong></span> <span class='ocrx_word' id='word_1_51' title='bbox 401 1220 686 1307; x_wconf 50' lang='lat' dir='ltr'><strong>aegrotqm</strong></span> <span class='ocrx_word' id='word_1_52' title='bbox 705 1250 722 1279; x_wconf 90' lang='lat'>‚</span> <span class='ocrx_word' id='word_1_53' title='bbox 751 1193 1057 1287; x_wconf 88' lang='lat' dir='ltr'><strong>sumptum</strong></span> <span class='ocrx_word' id='word_1_54' title='bbox 1087 1205 1316 1265; x_wconf 89' lang='lat' dir='ltr'><strong>homini</strong></span> <span class='ocrx_word' id='word_1_55' title='bbox 1341 1206 1599 1286; x_wconf 84' lang='lat' dir='ltr'><strong>praebeat</strong></span> <span class='ocrx_word' id='word_1_56' title='bbox 1612 1250 1631 1279; x_wconf 88' lang='lat'>‚</span> 
     </span>
     <span class='ocr_line' id='line_1_10' title="bbox 185 1304 1366 1384; baseline -0.003 -19"><span class='ocrx_word' id='word_1_57' title='bbox 185 1308 450 1367; x_wconf 82' lang='lat' dir='ltr'><strong>Genium</strong></span> <span class='ocrx_word' id='word_1_58' title='bbox 481 1324 658 1365; x_wconf 88' lang='lat' dir='ltr'><strong>suum</strong></span> <span class='ocrx_word' id='word_1_59' title='bbox 687 1304 992 1378; x_wconf 86' lang='lat' dir='ltr'><strong>defrudet,</strong></span> <span class='ocrx_word' id='word_1_60' title='bbox 1021 1304 1119 1363; x_wconf 89' lang='lat' dir='ltr'><strong>alii</strong></span> <span class='ocrx_word' id='word_1_61' title='bbox 1149 1316 1366 1384; x_wconf 84' lang='lat' dir='ltr'><strong>parcat.</strong></span> 
     </span>
     <span class='ocr_line' id='line_1_11' title="bbox 1033 1406 1210 1462; baseline -0.017 0"><span class='ocrx_word' id='word_1_62' title='bbox 1033 1406 1093 1462; x_wconf 90' lang='lat' dir='ltr'>X</span> <span class='ocrx_word' id='word_1_63' title='bbox 1114 1406 1144 1459; x_wconf 89' lang='grc' dir='ltr'>Ι</span> <span class='ocrx_word' id='word_1_64' title='bbox 1161 1406 1210 1460; x_wconf 92' lang='grc' dir='ltr'><strong>Ι.</strong></span> 
     </span>
     <span class='ocr_line' id='line_1_12' title="bbox 182 1494 1642 1577; baseline 0 -20"><span class='ocrx_word' id='word_1_65' title='bbox 182 1498 446 1568; x_wconf 73' lang='lat' dir='ltr'><strong>Audivi,</strong></span> <span class='ocrx_word' id='word_1_66' title='bbox 472 1518 653 1575; x_wconf 89' lang='lat' dir='ltr'><strong>quem</strong></span> <span class='ocrx_word' id='word_1_67' title='bbox 681 1494 860 1557; x_wconf 83' lang='lat' dir='ltr'><strong>febris</strong></span> <span class='ocrx_word' id='word_1_68' title='bbox 888 1518 1039 1568; x_wconf 85' lang='lat' dir='ltr'><strong>una,</strong></span> <span class='ocrx_word' id='word_1_69' title='bbox 1069 1511 1248 1577; x_wconf 84' lang='lat' dir='ltr'><strong>atque</strong></span> <span class='ocrx_word' id='word_1_70' title='bbox 1277 1516 1395 1555; x_wconf 84' lang='lat' dir='ltr'><strong>una</strong></span> <span class='ocrx_word' id='word_1_71' title='bbox 1424 1500 1642 1569; x_wconf 76' lang='grc' dir='ltr'><strong>ἀπεψία,</strong></span> 
     </span>
     <span class='ocr_line' id='line_1_13' title="bbox 183 1594 1547 1675; baseline 0.001 -23"><span class='ocrx_word' id='word_1_72' title='bbox 183 1596 327 1653; x_wconf 89' lang='lat' dir='ltr'><strong>Vini</strong></span> <span class='ocrx_word' id='word_1_73' title='bbox 343 1637 362 1666; x_wconf 89' lang='lat'>‚</span> <span class='ocrx_word' id='word_1_74' title='bbox 387 1596 632 1673; x_wconf 88' lang='lat' dir='ltr'><strong>inquam</strong></span> <span class='ocrx_word' id='word_1_75' title='bbox 650 1638 667 1668; x_wconf 85' lang='lat'>‚</span> <span class='ocrx_word' id='word_1_76' title='bbox 697 1594 890 1665; x_wconf 84' lang='lat' dir='ltr'><strong>hiatus</strong></span> <span class='ocrx_word' id='word_1_77' title='bbox 913 1596 1111 1675; x_wconf 88' lang='lat' dir='ltr'><strong>potuit</strong></span> <span class='ocrx_word' id='word_1_78' title='bbox 1139 1614 1294 1671; x_wconf 84' lang='lat' dir='ltr'><strong>unus</strong></span> <span class='ocrx_word' id='word_1_79' title='bbox 1321 1595 1547 1654; x_wconf 88' lang='lat' dir='ltr'><strong>tollere.</strong></span> 
     </span>
     <span class='ocr_line' id='line_1_14' title="bbox 203 1694 1374 1771; baseline -0.002 -20"><span class='ocrx_word' id='word_1_80' title='bbox 203 1756 209 1771; x_wconf 43' lang='lat'><strong>¹</strong></span> <span class='ocrx_word' id='word_1_81' title='bbox 1009 1694 1067 1750; x_wconf 89' lang='lat' dir='ltr'><strong>X</strong></span> <span class='ocrx_word' id='word_1_82' title='bbox 1086 1696 1115 1750; x_wconf 93' lang='lat' dir='ltr'>I</span> <span class='ocrx_word' id='word_1_83' title='bbox 1133 1696 1162 1750; x_wconf 95' lang='lat'>1</span> <span class='ocrx_word' id='word_1_84' title='bbox 1182 1697 1230 1750; x_wconf 90' lang='grc' dir='ltr'><strong>Ι.</strong></span> <span class='ocrx_word' id='word_1_85' title='bbox 1369 1762 1374 1767; x_wconf 23' lang='lat'>⁸</span> 
     </span>
     <span class='ocr_line' id='line_1_15' title="bbox 183 1790 2147 1874; baseline 0.005 -25"><span class='ocrx_word' id='word_1_86' title='bbox 183 1790 251 1849; x_wconf 93' lang='lat' dir='ltr'><strong>Si</strong></span> <span class='ocrx_word' id='word_1_87' title='bbox 278 1790 666 1849; x_wconf 77' lang='lat' dir='ltr'><strong>misereantur</strong></span> <span class='ocrx_word' id='word_1_88' title='bbox 689 1809 749 1849; x_wconf 85' lang='lat' dir='ltr'><strong>se</strong></span> <span class='ocrx_word' id='word_1_89' title='bbox 771 1790 917 1870; x_wconf 89' lang='lat' dir='ltr'><strong>ipsi,</strong></span> <span class='ocrx_word' id='word_1_90' title='bbox 942 1791 1076 1849; x_wconf 86' lang='lat' dir='ltr'><strong>vide</strong></span> <span class='ocrx_word' id='word_1_91' title='bbox 1105 1812 1180 1851; x_wconf 88' lang='lat' dir='ltr'><strong>ne</strong></span> <span class='ocrx_word' id='word_1_92' title='bbox 1202 1791 1444 1851; x_wconf 88' lang='lat' dir='ltr'><strong>illorum</strong></span> <span class='ocrx_word' id='word_1_93' title='bbox 1467 1811 1669 1852; x_wconf 86' lang='lat' dir='ltr'>caussa</span> <span class='ocrx_word' id='word_1_94' title='bbox 1692 1796 1991 1874; x_wconf 77' lang='lat' dir='ltr'><strong>superiore</strong></span> <span class='ocrx_word' id='word_1_95' title='bbox 2012 1796 2147 1859; x_wconf 86' lang='lat' dir='ltr'><strong>loco</strong></span> 
     </span>
     <span class='ocr_line' id='line_1_16' title="bbox 105 1886 504 1946; baseline 0 -1"><span class='ocrx_word' id='word_1_96' title='bbox 105 1886 504 1946; x_wconf 84' lang='lat' dir='ltr'><strong>collocaverit.</strong></span> 
     </span>
     <span class='ocr_line' id='line_1_17' title="bbox 361 1972 1224 2047; baseline 0 -3"><span class='ocrx_word' id='word_1_97' title='bbox 361 1972 364 1975; x_wconf 77' lang='grc'><strong>’</strong></span> <span class='ocrx_word' id='word_1_98' title='bbox 1034 1988 1224 2047; x_wconf 84' lang='lat' dir='ltr'><strong>x1v.</strong></span> 
     </span>
     <span class='ocr_line' id='line_1_18' title="bbox 180 2081 2147 2168; baseline 0.004 -26"><span class='ocrx_word' id='word_1_99' title='bbox 180 2084 362 2143; x_wconf 85' lang='lat' dir='ltr'><strong>Nunc</strong></span> <span class='ocrx_word' id='word_1_100' title='bbox 399 2081 608 2141; x_wconf 88' lang='lat' dir='ltr'><strong>itidem</strong></span> <span class='ocrx_word' id='word_1_101' title='bbox 654 2082 948 2162; x_wconf 89' lang='lat' dir='ltr'><strong>populum</strong></span> <span class='ocrx_word' id='word_1_102' title='bbox 988 2082 1166 2142; x_wconf 85' lang='lat' dir='ltr'><strong>istum</strong></span> <span class='ocrx_word' id='word_1_103' title='bbox 1207 2084 1589 2162; x_wconf 83' lang='lat' dir='ltr'><strong>scriptoribus</strong></span> <span class='ocrx_word' id='word_1_104' title='bbox 1623 2086 1899 2147; x_wconf 85' lang='lat' dir='ltr'><strong>volumus</strong></span> <span class='ocrx_word' id='word_1_105' title='bbox 1940 2109 2147 2168; x_wconf 80' lang='lat' dir='ltr'><strong>capere</strong></span> 
     </span>
    </p>
   </div>
   <div class='ocr_carea' id='block_1_3' title="bbox 103 2178 1203 2320">
    <p class='ocr_par' dir='ltr' id='par_1_3' title="bbox 103 2178 1203 2320">
     <span class='ocr_line' id='line_1_19' title="bbox 103 2178 668 2241; baseline -0.002 -2"><span class='ocrx_word' id='word_1_106' title='bbox 103 2182 376 2241; x_wconf 83' lang='lat' dir='ltr'><strong>animum</strong></span> <span class='ocrx_word' id='word_1_107' title='bbox 405 2178 668 2240; x_wconf 87' lang='lat' dir='ltr'><strong>illorum.</strong></span> 
     </span>
     <span class='ocr_line' id='line_1_20' title="bbox 1051 2264 1203 2320; baseline 0.013 -2"><span class='ocrx_word' id='word_1_108' title='bbox 1051 2264 1112 2318; x_wconf 94' lang='lat' dir='ltr'><strong>X</strong></span> <span class='ocrx_word' id='word_1_109' title='bbox 1129 2264 1203 2320; x_wconf 90' lang='lat' dir='ltr'><strong>V.</strong></span> 
     </span>
    </p>
   </div>
   <div class='ocr_carea' id='block_1_4' title="bbox 179 2336 2147 2446">
    <p class='ocr_par' dir='ltr' id='par_1_4' title="bbox 179 2336 2147 2446">
     <span class='ocr_line' id='line_1_21' title="bbox 179 2336 2147 2446; baseline 0.003 -28"><span class='ocrx_word' id='word_1_110' title='bbox 179 2362 322 2418; x_wconf 85' lang='lat' dir='ltr'><strong>Non</strong></span> <span class='ocrx_word' id='word_1_111' title='bbox 349 2373 408 2418; x_wconf 90' lang='lat' dir='ltr'><strong>te</strong></span> <span class='ocrx_word' id='word_1_112' title='bbox 427 2357 874 2421; x_wconf 78' lang='lat' dir='ltr'><strong>multitudinem</strong></span> <span class='ocrx_word' id='word_1_113' title='bbox 900 2371 1139 2434; x_wconf 85' lang='lat' dir='ltr'><strong>tuorum</strong></span> <span class='ocrx_word' id='word_1_114' title='bbox 1153 2336 1374 2446; x_wconf 72' lang='lat' dir='ltr'><strong>‚quam</strong></span> <span class='ocrx_word' id='word_1_115' title='bbox 1398 2363 1461 2422; x_wconf 92' lang='lat' dir='ltr'><strong>in</strong></span> <span class='ocrx_word' id='word_1_116' title='bbox 1482 2363 1686 2422; x_wconf 90' lang='lat' dir='ltr'><strong>album</strong></span> <span class='ocrx_word' id='word_1_117' title='bbox 1706 2363 1925 2442; x_wconf 85' lang='lat' dir='ltr'><strong>inclyta</strong></span> <span class='ocrx_word' id='word_1_118' title='bbox 1945 2364 2147 2424; x_wconf 84' lang='lat' dir='ltr'><strong>dextra</strong></span> 
     </span>
    </p>
   </div>
   <div class='ocr_carea' id='block_1_5' title="bbox 104 2457 1216 2595">
    <p class='ocr_par' dir='ltr' id='par_1_5' title="bbox 104 2457 1216 2595">
     <span class='ocr_line' id='line_1_22' title="bbox 104 2457 505 2516; baseline -0.005 0"><span class='ocrx_word' id='word_1_119' title='bbox 104 2459 344 2516; x_wconf 86' lang='lat' dir='ltr'><strong>conficit</strong></span> <span class='ocrx_word' id='word_1_120' title='bbox 371 2457 505 2516; x_wconf 91' lang='lat' dir='ltr'><strong>sibi.</strong></span> 
     </span>
     <span class='ocr_line' id='line_1_23' title="bbox 1029 2538 1216 2595; baseline 0.005 -1"><span class='ocrx_word' id='word_1_121' title='bbox 1029 2538 1088 2594; x_wconf 89' lang='lat' dir='ltr'><strong>X</strong></span> <span class='ocrx_word' id='word_1_122' title='bbox 1102 2542 1156 2595; x_wconf 91' lang='lat' dir='ltr'><strong>V</strong></span> <span class='ocrx_word' id='word_1_123' title='bbox 1170 2541 1216 2595; x_wconf 91' lang='lat'><strong>1.</strong></span> 
     </span>
    </p>
   </div>
   <div class='ocr_carea' id='block_1_6' title="bbox 182 2633 2145 2712">
    <p class='ocr_par' dir='ltr' id='par_1_6' title="bbox 182 2633 2145 2712">
     <span class='ocr_line' id='line_1_24' title="bbox 182 2633 2145 2712; baseline 0.003 -20"><span class='ocrx_word' id='word_1_124' title='bbox 182 2638 384 2707; x_wconf 84' lang='lat' dir='ltr'><strong>Quare</strong></span> <span class='ocrx_word' id='word_1_125' title='bbox 413 2633 530 2692; x_wconf 89' lang='lat' dir='ltr'><strong>hoc</strong></span> <span class='ocrx_word' id='word_1_126' title='bbox 557 2633 750 2694; x_wconf 89' lang='lat' dir='ltr'><strong>colere</strong></span> <span class='ocrx_word' id='word_1_127' title='bbox 781 2645 870 2692; x_wconf 88' lang='lat' dir='ltr'><strong>est</strong></span> <span class='ocrx_word' id='word_1_128' title='bbox 897 2634 1078 2692; x_wconf 84' lang='lat' dir='ltr'><strong>satius</strong></span> <span class='ocrx_word' id='word_1_129' title='bbox 1094 2675 1111 2704; x_wconf 90' lang='lat'>,</span> <span class='ocrx_word' id='word_1_130' title='bbox 1142 2655 1324 2712; x_wconf 85' lang='lat' dir='ltr'><strong>quam</strong></span> <span class='ocrx_word' id='word_1_131' title='bbox 1351 2636 1517 2696; x_wconf 88' lang='lat' dir='ltr'><strong>illam</strong></span> <span class='ocrx_word' id='word_1_132' title='bbox 1546 2637 1814 2696; x_wconf 85' lang='lat' dir='ltr'><strong>studium</strong></span> <span class='ocrx_word' id='word_1_133' title='bbox 1842 2659 2017 2699; x_wconf 89' lang='lat' dir='ltr'><strong>omne</strong></span> <span class='ocrx_word' id='word_1_134' title='bbox 2044 2639 2145 2698; x_wconf 77' lang='lat' dir='ltr'><strong>hic</strong></span> 
     </span>
    </p>
   </div>
   <div class='ocr_carea' id='block_1_7' title="bbox 103 2750 1243 2870">
    <p class='ocr_par' dir='ltr' id='par_1_7' title="bbox 103 2750 1243 2870">
     <span class='ocr_line' id='line_1_25' title="bbox 103 2750 1022 2804; baseline -0.001 -14"><span class='ocrx_word' id='word_1_135' title='bbox 103 2750 478 2792; x_wconf 84' lang='lat' dir='ltr'><strong>consumere.</strong></span> <span class='ocrx_word' id='word_1_136' title='bbox 1015 2797 1022 2804; x_wconf 43' lang='grc'>,</span> 
     </span>
     <span class='ocr_line' id='line_1_26' title="bbox 1011 2812 1243 2870; baseline 0.009 -2"><span class='ocrx_word' id='word_1_137' title='bbox 1011 2812 1070 2868; x_wconf 90' lang='lat' dir='ltr'><strong>X</strong></span> <span class='ocrx_word' id='word_1_138' title='bbox 1081 2817 1134 2870; x_wconf 90' lang='lat' dir='ltr'><strong>V</strong></span> <span class='ocrx_word' id='word_1_139' title='bbox 1149 2813 1178 2868; x_wconf 93' lang='lat'><em>1</em></span> <span class='ocrx_word' id='word_1_140' title='bbox 1196 2815 1243 2870; x_wconf 90' lang='grc' dir='ltr'><strong>Ι.</strong></span> 
     </span>
    </p>
   </div>
   <div class='ocr_carea' id='block_1_8' title="bbox 179 2907 2147 2993">
    <p class='ocr_par' dir='ltr' id='par_1_8' title="bbox 179 2907 2147 2993">
     <span class='ocr_line' id='line_1_27' title="bbox 179 2907 2147 2993; baseline 0.003 -25"><span class='ocrx_word' id='word_1_141' title='bbox 179 2910 482 2988; x_wconf 76' lang='lat' dir='ltr'><strong>Ptincipio</strong></span> <span class='ocrx_word' id='word_1_142' title='bbox 512 2907 744 2990; x_wconf 86' lang='lat' dir='ltr'><strong>physici</strong></span> <span class='ocrx_word' id='word_1_143' title='bbox 779 2915 983 2970; x_wconf 86' lang='lat' dir='ltr'><strong>omnes</strong></span> <span class='ocrx_word' id='word_1_144' title='bbox 1012 2907 1280 2970; x_wconf 77' lang='lat' dir='ltr'><strong>homines</strong></span> <span class='ocrx_word' id='word_1_145' title='bbox 1319 2930 1393 2968; x_wconf 82' lang='lat' dir='ltr'><strong>ex</strong></span> <span class='ocrx_word' id='word_1_146' title='bbox 1426 2911 1618 2969; x_wconf 86' lang='lat' dir='ltr'><strong>anima</strong></span> <span class='ocrx_word' id='word_1_147' title='bbox 1645 2925 1705 2970; x_wconf 91' lang='lat' dir='ltr'><strong>et</strong></span> <span class='ocrx_word' id='word_1_148' title='bbox 1731 2929 1977 2993; x_wconf 85' lang='lat' dir='ltr'><strong>corpore</strong></span> <span class='ocrx_word' id='word_1_149' title='bbox 2003 2936 2147 2977; x_wconf 83' lang='lat' dir='ltr'><strong>con-</strong></span> 
     </span>
    </p>
   </div>
   <div class='ocr_carea' id='block_1_9' title="bbox 100 3009 1260 3146">
    <p class='ocr_par' dir='ltr' id='par_1_9' title="bbox 100 3009 1260 3146">
     <span class='ocr_line' id='line_1_28' title="bbox 100 3009 512 3092; baseline -0.005 -25"><span class='ocrx_word' id='word_1_150' title='bbox 100 3022 252 3068; x_wconf 82' lang='lat' dir='ltr'><strong>stare</strong></span> <span class='ocrx_word' id='word_1_151' title='bbox 283 3009 512 3092; x_wconf 78' lang='lat' dir='ltr'><strong>dicunt.</strong></span> 
     </span>
     <span class='ocr_line' id='line_1_29' title="bbox 985 3089 1260 3146; baseline -0.004 -1"><span class='ocrx_word' id='word_1_152' title='bbox 985 3089 1044 3145; x_wconf 91' lang='lat' dir='ltr'><strong>X</strong></span> <span class='ocrx_word' id='word_1_153' title='bbox 1055 3091 1108 3145; x_wconf 91' lang='lat' dir='ltr'><strong>V</strong></span> <span class='ocrx_word' id='word_1_154' title='bbox 1122 3092 1150 3146; x_wconf 93' lang='lat'>1</span> <span class='ocrx_word' id='word_1_155' title='bbox 1170 3091 1198 3145; x_wconf 93' lang='lat'>1</span> <span class='ocrx_word' id='word_1_156' title='bbox 1213 3091 1260 3145; x_wconf 91' lang='grc' dir='ltr'><strong>Ι.</strong></span> 
     </span>
    </p>
   </div>
   <div class='ocr_carea' id='block_1_10' title="bbox 97 3173 2231 3924">
    <p class='ocr_par' dir='ltr' id='par_1_10' title="bbox 194 3173 1604 3252">
     <span class='ocr_line' id='line_1_30' title="bbox 194 3173 1604 3252; baseline 0 -8"><span class='ocrx_word' id='word_1_157' title='bbox 194 3229 372 3245; x_wconf 93' lang='grc'><strong>.....</strong></span> <span class='ocrx_word' id='word_1_158' title='bbox 380 3173 1604 3252; x_wconf 48' lang='lat' dir='ltr'><strong>=....................‚...Redisse*</strong></span> 
     </span>
    </p>

    <p class='ocr_par' dir='ltr' id='par_1_11' title="bbox 97 3371 2142 3600">
     <span class='ocr_line' id='line_1_31' title="bbox 173 3371 2095 3443; baseline 0.002 -19"><span class='ocrx_word' id='word_1_159' title='bbox 173 3393 226 3443; x_wconf 80' lang='lat'><strong>9.</strong></span> <span class='ocrx_word' id='word_1_160' title='bbox 268 3373 502 3426; x_wconf 84' lang='lat' dir='ltr'><strong>Nonius:</strong></span> <span class='ocrx_word' id='word_1_161' title='bbox 531 3373 664 3422; x_wconf 74' lang='lat' dir='ltr'><strong>lacit</strong></span> <span class='ocrx_word' id='word_1_162' title='bbox 681 3411 698 3432; x_wconf 93' lang='lat'><strong><em>,</em></strong></span> <span class='ocrx_word' id='word_1_163' title='bbox 733 3373 868 3422; x_wconf 83' lang='lat' dir='ltr'><strong>facit.</strong></span> <span class='ocrx_word' id='word_1_164' title='bbox 906 3371 1046 3422; x_wconf 87' lang='lat' dir='ltr'><strong>Idem</strong></span> <span class='ocrx_word' id='word_1_165' title='bbox 1069 3391 1082 3422; x_wconf 73' lang='grc' dir='ltr'><strong>ε</strong></span> <span class='ocrx_word' id='word_1_166' title='bbox 1242 3389 1323 3422; x_wconf 78' lang='lat'><strong>12.</strong></span> <span class='ocrx_word' id='word_1_167' title='bbox 1351 3372 1577 3422; x_wconf 86' lang='lat' dir='ltr'><strong>Nonius:</strong></span> <span class='ocrx_word' id='word_1_168' title='bbox 1610 3371 1793 3421; x_wconf 84' lang='lat' dir='ltr'><strong>Tollere</strong></span> <span class='ocrx_word' id='word_1_169' title='bbox 1810 3409 1826 3431; x_wconf 96' lang='lat'>‚</span> <span class='ocrx_word' id='word_1_170' title='bbox 1850 3375 2095 3428; x_wconf 84' lang='lat' dir='ltr'><strong>occidere.</strong></span> 
     </span>
     <span class='ocr_line' id='line_1_32' title="bbox 97 3452 2142 3522; baseline 0.002 -19"><span class='ocrx_word' id='word_1_171' title='bbox 97 3452 312 3513; x_wconf 48' lang='lat' dir='ltr'><strong>Mecum,</strong></span> <span class='ocrx_word' id='word_1_172' title='bbox 339 3455 616 3504; x_wconf 80' lang='lat' dir='ltr'><strong>admotum.</strong></span> <span class='ocrx_word' id='word_1_173' title='bbox 639 3455 805 3504; x_wconf 84' lang='lat' dir='ltr'><strong>Idem:</strong></span> <span class='ocrx_word' id='word_1_174' title='bbox 827 3455 1083 3518; x_wconf 79' lang='lat' dir='ltr'><strong>Apellare,</strong></span> <span class='ocrx_word' id='word_1_175' title='bbox 1241 3455 1323 3502; x_wconf 82' lang='lat'><strong>13.</strong></span> <span class='ocrx_word' id='word_1_176' title='bbox 1350 3453 1549 3510; x_wconf 86' lang='lat' dir='ltr'><strong>Nonius</strong></span> <span class='ocrx_word' id='word_1_177' title='bbox 1569 3471 1581 3501; x_wconf 93' lang='lat'><strong>:</strong></span> <span class='ocrx_word' id='word_1_178' title='bbox 1606 3454 1835 3514; x_wconf 75' lang='lat' dir='ltr'><strong>Dativus,</strong></span> <span class='ocrx_word' id='word_1_179' title='bbox 1866 3474 1962 3522; x_wconf 87' lang='lat' dir='ltr'><strong>pro</strong></span> <span class='ocrx_word' id='word_1_180' title='bbox 1987 3476 2142 3508; x_wconf 85' lang='lat' dir='ltr'><strong>accu-</strong></span> 
     </span>
     <span class='ocr_line' id='line_1_33' title="bbox 100 3535 1340 3600; baseline -0.002 -16"><span class='ocrx_word' id='word_1_181' title='bbox 100 3548 183 3584; x_wconf 83' lang='lat' dir='ltr'><strong>est</strong></span> <span class='ocrx_word' id='word_1_182' title='bbox 209 3537 480 3600; x_wconf 83' lang='lat' dir='ltr'><strong>applicare.</strong></span> <span class='ocrx_word' id='word_1_183' title='bbox 1164 3535 1340 3582; x_wconf 84' lang='lat' dir='ltr'><strong>sativo.</strong></span> 
     </span>
    </p>

    <p class='ocr_par' dir='ltr' id='par_1_12' title="bbox 97 3615 2231 3924">
     <span class='ocr_line' id='line_1_34' title="bbox 181 3615 2142 3680; baseline 0.002 -16"><span class='ocrx_word' id='word_1_184' title='bbox 181 3633 262 3664; x_wconf 84' lang='lat'><strong>10.</strong></span> <span class='ocrx_word' id='word_1_185' title='bbox 293 3617 525 3666; x_wconf 86' lang='lat' dir='ltr'><strong>Nonius:</strong></span> <span class='ocrx_word' id='word_1_186' title='bbox 555 3615 768 3664; x_wconf 79' lang='lat' dir='ltr'><strong>Eluviem</strong></span> <span class='ocrx_word' id='word_1_187' title='bbox 781 3650 798 3672; x_wconf 95' lang='lat'><strong><em>,</em></strong></span> <span class='ocrx_word' id='word_1_188' title='bbox 825 3615 1088 3679; x_wconf 86' lang='lat' dir='ltr'><strong>purgatio·</strong></span> <span class='ocrx_word' id='word_1_189' title='bbox 1245 3623 1326 3670; x_wconf 76' lang='lat'><strong>14.</strong></span> <span class='ocrx_word' id='word_1_190' title='bbox 1362 3615 1561 3663; x_wconf 87' lang='lat' dir='ltr'><strong>Nonius</strong></span> <span class='ocrx_word' id='word_1_191' title='bbox 1589 3631 1601 3662; x_wconf 76' lang='lat' dir='ltr'>t</span> <span class='ocrx_word' id='word_1_192' title='bbox 1638 3617 1819 3680; x_wconf 84' lang='lat' dir='ltr'><strong>Capere</strong></span> <span class='ocrx_word' id='word_1_193' title='bbox 1832 3654 1850 3676; x_wconf 92' lang='lat'>‚</span> <span class='ocrx_word' id='word_1_194' title='bbox 1880 3617 2142 3668; x_wconf 72' lang='lat' dir='ltr'><strong>delectare.</strong></span> 
     </span>
     <span class='ocr_line' id='line_1_35' title="bbox 97 3693 2140 3767; baseline 0.002 -21"><span class='ocrx_word' id='word_1_195' title='bbox 97 3713 238 3746; x_wconf 82' lang='lat' dir='ltr'><strong>nem.</strong></span> <span class='ocrx_word' id='word_1_196' title='bbox 267 3695 732 3760; x_wconf 76' lang='lat' dir='ltr'><strong>Idem:.Exspi1·are</strong></span> <span class='ocrx_word' id='word_1_197' title='bbox 757 3695 950 3744; x_wconf 87' lang='lat' dir='ltr'><strong>dictum</strong></span> <span class='ocrx_word' id='word_1_198' title='bbox 979 3705 1085 3754; x_wconf 62' lang='lat' dir='ltr'><strong>est,</strong></span> <span class='ocrx_word' id='word_1_199' title='bbox 1243 3695 1324 3744; x_wconf 84' lang='lat'><strong>15.</strong></span> <span class='ocrx_word' id='word_1_200' title='bbox 1347 3694 1571 3745; x_wconf 80' lang='lat' dir='ltr'><strong>Nonius:</strong></span> <span class='ocrx_word' id='word_1_201' title='bbox 1594 3693 1834 3767; x_wconf 79' lang='lat' dir='ltr'><strong>Conficere</strong></span> <span class='ocrx_word' id='word_1_202' title='bbox 1845 3735 1863 3757; x_wconf 91' lang='lat'>‚</span> <span class='ocrx_word' id='word_1_203' title='bbox 1887 3701 2140 3765; x_wconf 82' lang='lat' dir='ltr'><strong>colligere.</strong></span> 
     </span>
     <span class='ocr_line' id='line_1_36' title="bbox 99 3775 2047 3845; baseline 0.002 -19"><span class='ocrx_word' id='word_1_204' title='bbox 99 3780 182 3828; x_wconf 76' lang='lat' dir='ltr'><strong>vel</strong></span> <span class='ocrx_word' id='word_1_205' title='bbox 216 3775 282 3826; x_wconf 80' lang='lat' dir='ltr'><strong>ab</strong></span> <span class='ocrx_word' id='word_1_206' title='bbox 315 3777 498 3842; x_wconf 83' lang='lat' dir='ltr'><strong>spiritu</strong></span> <span class='ocrx_word' id='word_1_207' title='bbox 530 3776 692 3825; x_wconf 81' lang='lat' dir='ltr'><strong>effuso</strong></span> <span class='ocrx_word' id='word_1_208' title='bbox 709 3811 724 3836; x_wconf 92' lang='lat'>‚</span> <span class='ocrx_word' id='word_1_209' title='bbox 753 3776 832 3824; x_wconf 87' lang='lat' dir='ltr'><strong>vel</strong></span> <span class='ocrx_word' id='word_1_210' title='bbox 861 3793 892 3824; x_wconf 86' lang='lat' dir='ltr'><strong>a</strong></span> <span class='ocrx_word' id='word_1_211' title='bbox 925 3775 1088 3840; x_wconf 84' lang='lat' dir='ltr'><strong>spira·</strong></span> <span class='ocrx_word' id='word_1_212' title='bbox 1243 3779 1325 3824; x_wconf 81' lang='lat'><strong>16.</strong></span> <span class='ocrx_word' id='word_1_213' title='bbox 1355 3777 1583 3826; x_wconf 85' lang='lat' dir='ltr'><strong>Nonius:</strong></span> <span class='ocrx_word' id='word_1_214' title='bbox 1609 3781 1799 3836; x_wconf 84' lang='lat' dir='ltr'><strong>Colere,</strong></span> <span class='ocrx_word' id='word_1_215' title='bbox 1827 3779 2047 3845; x_wconf 86' lang='lat' dir='ltr'><strong>diligere.</strong></span> 
     </span>
     <span class='ocr_line' id='line_1_37' title="bbox 99 3851 2231 3924; baseline 0.003 -19"><span class='ocrx_word' id='word_1_216' title='bbox 99 3855 352 3906; x_wconf 81' lang='lat' dir='ltr'><strong>minibus.</strong></span> <span class='ocrx_word' id='word_1_217' title='bbox 733 3863 738 3869; x_wconf 88' lang='lat'>&#39;</span> <span class='ocrx_word' id='word_1_218' title='bbox 1243 3872 1326 3917; x_wconf 86' lang='lat'><strong>17.</strong></span> <span class='ocrx_word' id='word_1_219' title='bbox 1371 3857 1609 3904; x_wconf 86' lang='lat' dir='ltr'><strong>Nonius:</strong></span> <span class='ocrx_word' id='word_1_220' title='bbox 1653 3859 1851 3908; x_wconf 81' lang='lat' dir='ltr'><strong>Constat</strong></span> <span class='ocrx_word' id='word_1_221' title='bbox 1885 3861 2143 3924; x_wconf 83' lang='lat' dir='ltr'><strong>composi·-</strong></span> <span class='ocrx_word' id='word_1_222' title='bbox 2173 3879 2179 3885; x_wconf 95' lang='lat'>·</span> <span class='ocrx_word' id='word_1_223' title='bbox 2228 3851 2231 3856; x_wconf 37' lang='lat'>¹</span> 
     </span>
    </p>
   </div>
   <div class='ocr_carea' id='block_1_11' title="bbox 96 3935 2140 4094">
    <p class='ocr_par' dir='ltr' id='par_1_13' title="bbox 96 3935 2140 4094">
     <span class='ocr_line' id='line_1_38' title="bbox 176 3935 1386 4004; baseline -0.002 -18"><span class='ocrx_word' id='word_1_224' title='bbox 176 3957 199 3986; x_wconf 84' lang='lat'>1</span> <span class='ocrx_word' id='word_1_225' title='bbox 218 3955 265 3987; x_wconf 85' lang='lat'><strong>1.</strong></span> <span class='ocrx_word' id='word_1_226' title='bbox 302 3937 538 3991; x_wconf 81' lang='lat' dir='ltr'><strong>Nonius:</strong></span> <span class='ocrx_word' id='word_1_227' title='bbox 569 3935 775 3986; x_wconf 72' lang='lat' dir='ltr'><strong>Genium</strong></span> <span class='ocrx_word' id='word_1_228' title='bbox 793 3970 812 3994; x_wconf 89' lang='lat'><strong><em>,</em></strong></span> <span class='ocrx_word' id='word_1_229' title='bbox 843 3935 1088 4004; x_wconf 81' lang='lat' dir='ltr'><strong>parsimo-</strong></span> <span class='ocrx_word' id='word_1_230' title='bbox 1162 3947 1274 3987; x_wconf 87' lang='lat' dir='ltr'><strong>tum</strong></span> <span class='ocrx_word' id='word_1_231' title='bbox 1299 3947 1386 3985; x_wconf 83' lang='lat' dir='ltr'><strong>est.</strong></span> 
     </span>
     <span class='ocr_line' id='line_1_39' title="bbox 96 4007 2140 4094; baseline 0.004 -30"><span class='ocrx_word' id='word_1_232' title='bbox 96 4021 254 4070; x_wconf 73' lang='lat' dir='ltr'><strong>uiam,</strong></span> <span class='ocrx_word' id='word_1_233' title='bbox 715 4007 721 4013; x_wconf 64' lang='grc'><strong><em>’</em></strong></span> <span class='ocrx_word' id='word_1_234' title='bbox 772 4032 778 4036; x_wconf 92' lang='grc'><em>·</em></span> <span class='ocrx_word' id='word_1_235' title='bbox 1242 4019 1322 4065; x_wconf 80' lang='lat'><strong>18.</strong></span> <span class='ocrx_word' id='word_1_236' title='bbox 1348 4018 1487 4066; x_wconf 82' lang='lat' dir='ltr'><strong>Non.</strong></span> <span class='ocrx_word' id='word_1_237' title='bbox 1507 4017 1753 4084; x_wconf 51' lang='lat' dir='ltr'><strong>Bes-pedam</strong></span> <span class='ocrx_word' id='word_1_238' title='bbox 1762 4055 1781 4094; x_wconf 75' lang='lat'><strong>³.</strong></span> <span class='ocrx_word' id='word_1_239' title='bbox 1803 4019 1931 4088; x_wconf 78' lang='lat' dir='ltr'><strong>pedo</strong></span> <span class='ocrx_word' id='word_1_240' title='bbox 1946 4020 2140 4074; x_wconf 78' lang='lat' dir='ltr'><strong>iterare.</strong></span> 
     </span>
    </p>
   </div>
  </div>
 </body>
</html>
