2775 4619
544 258 561 380 J
599 260 682 376 35

1105 304 1184 368 A.
1237 301 1607 368 PERSII
1670 299 2054 366 FLACCI

689 427 867 497 Men’
897 444 1154 493 moveat
1177 428 1427 518 quippe
1442 475 1461 508 ‚
1486 441 1583 508 et,
1606 440 1823 490 cantet
1848 425 1903 489 si
1930 423 2281 512 naufragus
2297 471 2317 506 ,
2342 446 2552 489 assem

688 541 1133 612 Protulerim?
1163 544 1397 607 Cantas
1412 590 1431 623 ‚
1468 541 1670 612 fracta
1700 547 1855 606 cum
1884 539 1949 604 te
1974 539 2045 604 in
2077 539 2262 604 trabe
2290 540 2548 628 pictum

686 661 787 726 Ex
810 662 1086 725 humero
1117 660 1364 748 portes!
1395 659 1640 723 Verum
1656 705 1675 738 ‚
1707 679 1825 722 nec
1856 671 2053 720 nocte
2070 645 2375 745 ‘paratum
2420 726 2435 731 ,

2576 681 2653 732 90

689 775 984 842 Plorabit
997 823 1016 856 ‚
1047 774 1166 864 qui
1199 795 1306 847 me
1327 773 1502 837 volet
1534 771 1904 836 incurvasse
1928 771 2215 860 querela.

1268 910 1963 954 ADVERSARIUS.

622 1001 626 1005 ¹
689 1000 818 1074 Sed
853 1005 1141 1072 numeris
1167 1003 1364 1069 decor
1391 1019 1486 1068 est
1504 1052 1523 1086 ,
1548 1019 1613 1068 et
1631 1005 1935 1091 junctura
1956 1001 2178 1068 addita
2201 1000 2441 1068 crudis.

601 1202 812 1278 populo
826 1239 842 1268 ,
863 1199 954 1254 cui
973 1195 1265 1253 credebant
1282 1197 1584 1250 Romulum

605 1281 912 1356 praesidere.
924 1279 1122 1332 Similis
1136 1277 1284 1350 apud
1293 1279 1326 1330 J
1327 1297 1489 1332 uven.
1499 1296 1587 1330 ex-

608 1363 853 1417 clamatio
871 1361 1078 1433 poe'tica
1095 1398 1116 1428 ,
1138 1372 1236 1412 sat.
1259 1359 1318 1410 11
1336 1397 1353 1425 ‚
1371 1377 1425 1412 v.
1448 1361 1547 1410 126
1566 1377 1582 1410 ε

610 1465 1539 1528 ..........;0paterU1-bis!

607 1542 747 1590 Unde
769 1539 898 1588 nefas
916 1549 1098 1586 tantum
1119 1538 1264 1586 Latiis
1279 1537 1551 1600 pastoribus
1564 1537 1587 1582 Ρ

607 1613 920 1745 Πεσιέἓὲἓίῐ,
941 1679 1170 1738 Gradive,
1189 1657 1297 1728 tuos
1324 1680 1475 1727 urtica
1504 1675 1589 1726 ne-

732 1764 868 1816 potes
881 1753 903 1797 Ρ

1381 1815 1446 1864 A.

649 1893 771 1969 '88.
803 1914 935 1964 Men’
957 1914 1177 1979 moveat]
1199 1911 1362 1962 Mene
1387 1908 1457 1962 acl
1484 1909 1583 1961 mi-

601 1989 956 2049 ⁴seriem-diam
1000 1989 1308 2062 provocet?
1343 1989 1581 2055 Quintil.
1648 2023 1656 2030 -

605 2076 850 2128 Institut.
877 2071 980 2124 XI.
1011 2073 1435 2121 Commoveacume
1454 2073 1587 2137 quis-

605 2151 760 2220 ⁸quam
790 2154 894 2219 ejus
899 2147 1117 2216 fortunii
1131 2185 1149 2207 ,
1171 2167 1316 2214 quem
1347 2147 1586 2197 tumidum

607 2254 671 2283 ac
688 2233 1045 2299 suijaetantem
1059 2265 1076 2288 ‚
1097 2243 1147 2278 et
1167 2229 1476 2277 ambitiosum
1494 2227 1590 2276 ins-

608 2317 799 2364 titorem
822 2311 1115 2375 eloquentia
1143 2309 1194 2356 in
1231 2308 1439 2373 ancipiti
1463 2320 1591 2357 sorte

609 2394 787 2442 videat
802 2396 829 2439 ‚³
869 2390 980 2437 Non
1001 2406 1020 2435 .·
1055 2389 1200 2436 immo
1213 2423 1231 2445 ,
1266 2387 1425 2435 oderit
1452 2404 1590 2435 reum

610 2474 773 2523 ‘verba
807 2481 1135 2538 aucupantem
1149 2505 1165 2527 ,
1205 2480 1253 2516 et
1286 2469 1495 2517 anxium
1530 2468 1592 2515 de

597 2554 754 2619 fama
795 2550 1016 2619 ingenii,
1054 2561 1106 2598 ee
1147 2550 1242 2598 cui·
1273 2550 1453 2599 diserto
1498 2566 1595 2598 esse

612 2646 780 2683 vacet.
1345 2646 1350 2651 ·

685 2712 773 2781 89.
816 2710 1038 2762 Cantas!
1055 2712 1074 2777 ]
1109 2708 1159 2760 Ο
1197 2704 1364 2760 Pedi!
1395 2704 1595 2759 florido

610 2794 668 2847 in
685 2809 933 2846 sermone
946 2788 1116 2851 ludis,
1130 2792 1258 2841 cum
1271 2801 1448 2840 tamen
1465 2806 1597 2841 mox

613 2874 686 2927 ob
720 2871 945 2926 crimina
985 2869 1287 2924 movendus
1329 2868 1443 2921 sis!
1482 2888 1595 2921 non

613 2954 838 3007 demens
853 2952 1056 3015 minus,
1073 2956 1239 3024 quam
1256 2950 1354 3021 qui
1367 2962 1597 3021 portans

612 3034 856 3087 humeris
904 3031 1143 3083 tabulam
1197 3030 1284 3083 sui
1327 3030 1597 3103 naufragii

613 3127 789 3169 cantat
800 3112 1368 3165 hilariter.—-Fracta....
1382 3112 1433 3161 in
1444 3114 1598 3162 trabe.
1613 3116 1621 3121 '

616 3194 684 3247 In
705 3192 929 3245 tabellae
955 3210 1079 3242 nam
1108 3190 1298 3243 tabelia
1327 3203 1408 3243 est
1431 3190 1597 3243 trabis

613 3274 998 3345 fragmentum.
1030 3272 1112 3322 De
1144 3288 1295 3322 more
1329 3270 1435 3321 isto
1465 3288 1596 3321 nau·

614 3354 912 3427 fragorum,
925 3348 1035 3403 vid.
1051 3347 1120 3401 ad
1130 3350 1166 3401 J
1170 3368 1326 3403 uven.
1338 3361 1431 3401 sat.
1442 3348 1597 3412 XIV,

614 3453 672 3488 v.
700 3433 798 3485 301
819 3469 834 3495 ‚
861 3432 982 3483 302.
1008 3430 1073 3481 A.

690 3531 782 3582 90.
816 3511 1028 3582 Verum]
1061 3509 1296 3583 Supple,
1324 3510 1599 3583 ploratum

615 3592 890 3665 plorabit,
917 3610 1018 3644 nec
1057 3590 1279 3655 fictum,
1309 3608 1412 3643 nec
1441 3601 1599 3643 nocte

614 3678 881 3744 paratum.
903 3670 1087 3722 Horat.
1110 3670 1166 3722 in
1187 3672 1316 3723 Arte
1335 3672 1488 3722 Post.

1659 1199 2155 1266 -Noceepa'raeum.
2174 1195 2391 1250 Dicitur
2408 1195 2649 1268 Dionys.

1663 1279 2014 1332 Halicarnass.
2050 1281 2104 1332 ἐκ
2139 1283 2451 1340 κατασκευῆς
2485 1281 2650 1349 λέγειν

1664 1351 1747 1412 nai
1786 1359 2202 1430 μεμηχανευμένα
2241 1361 2359 1430 πρὸς
2401 1358 2606 1414 ἀπάτην
2632 1393 2655 1422 ‚

1666 1438 1882 1510 qualem
1917 1437 2079 1490 fuisse
2107 1437 2261 1489 aiunt
2296 1437 2419 1490 Isaei
2450 1437 2659 1490 oratio-

1664 1536 1807 1570 nem.
1820 1517 1991 1570 Nocte
2006 1518 2195 1590 igitur,
2210 1517 2270 1570 id
2284 1531 2522 1582 est‚ante
2538 1537 2660 1570 me-

1666 1598 1897 1654 ditatum
1913 1612 1966 1652 et
1980 1613 2093 1652 arte
2114 1599 2424 1654 confictum.
2443 1601 2505 1654 C.
2518 1612 2575 1652 et
2590 1599 2657 1652 P.

1736 1733 1770 1783 9
1780 1732 1802 1766 1
1814 1753 1827 1766 .
1860 1717 1961 1780 Qui
1980 1733 2059 1765 me
2076 1717 2220 1766 volet
2234 1715 2505 1766 incurvasse
2522 1733 2661 1782 que-

1664 1786 1811 1862 reld.]
1846 1797 2127 1846 lacrimasse
2141 1831 2158 1854 ,
2192 1793 2467 1865 eleganter
2487 1831 2505 1858 ‚
2542 1812 2661 1865 pro

1663 1875 1895 1928 flexisse.
1930 1874 2123 1927 Senec.
2166 1873 2390 1928 Consol.
2434 1872 2503 1926 ad
2546 1875 2662 1926 Po-

1662 1956 1877 2029 lybium
1900 1973 1914 2007 t
1946 1958 2186 2024 intelliges
2224 1975 2323 2006 non
2364 1959 2524 2024 magis
2564 1959 2670 2006 tibi

1663 2038 1915 2088 incurvari
1942 2038 2091 2087 licere
2106 2073 2121 2095 ‚
2156 2038 2309 2102 qudm
2340 2037 2417 2088 illi
2427 2073 2444 2096 ‚
2464 2039 2508 2085 si
2542 2039 2665 2101 quis

1664 2117 1807 2164 inodo
1826 2127 1901 2163 ese
1915 2150 1933 2172 ,
1952 2117 2091 2182 eujus
2108 2114 2323 2164 humeris
2341 2116 2551 2163 enundus
2578 2116 2666 2162 in-

1665 2195 1851 2246 nititur.
1862 2193 2073 2247 C.-Ita
2084 2193 2331 2246 satiricus
2340 2205 2548 2258 noster,
2560 2199 2671 2242 Art

1666 2273 2041 2338 Poeciq.‚clnant
2064 2276 2122 2321 ΙΙ
2135 2309 2153 2332 ,
2186 2269 2257 2323 de
2294 2271 2363 2323 iis
2403 2272 2503 2345 qui
2540 2289 2665 2323 am·

1667 2352 1889 2425 pullatis
1907 2351 2089 2405 verbis
2110 2351 2358 2405 dolorem
2376 2370 2541 2405 suum
2561 2370 2664 2404 ex-

1667 2432 1917 2505 primunt
1936 2450 1952 2482 ι

1671 2544 1801 2593 Τοιιε
1814 2560 1892 2591 ces
1910 2560 2035 2592 amas
2052 2560 2294 2610 pompenx
2306 2545 2380 2592 d’e
2388 2546 2666 2613 xpressions

1796 2616 1993 2665 frivolus

1672 2688 1793 2736 Sunt
1815 2689 1932 2736 d'un
1960 2688 2280 2737 declamtenr
2310 2704 2572 2737 ηοω-ουκ
2600 2690 2664 2737 de

1860 2760 2003 2807 rolet.

1673 2832 1717 2885 11
1732 2775 1967 2879 sagdam
1990 2832 2039 2877 la
2063 2832 2269 2879 douleu-
2290 2848 2385 2895 que
2404 2848 2524 2879 vous
2540 2848 2667 2881 vous

1794 2902 2049 2950 abainsiez:
2434 2938 2449 2949 ,

1675 2977 1802 3021 Ponr
1826 2990 1902 3025 mc
1928 2977 2045 3022 tirer
2071 2976 2153 3022 des
2177 2977 2359 3037 pleurs,
2378 2976 2415 3023 il
2436 2976 2541 3025 faut
2564 2992 2664 3039 que

1799 3062 1914 3093 vous
1930 3048 2160 3108 pleuriez.

1676 3120 1765 3167 Ces
1798 3118 1969 3181 grands
1994 3128 2118 3165 mota
2154 3118 2274 3164 dont
2304 3118 2431 3165 alors
2456 3116 2665 3165 l’acteur

1799 3190 1971 3251 emplit
1989 3205 2039 3236 sa
2056 3190 2265 3246 bouche‚

1639 3278 1644 3283 ¹
1677 3260 1751 3307 Ne
1767 3270 1959 3322 portent
1972 3262 2111 3323 point
2127 3260 2241 3307 d’un
2256 3274 2385 3309 coeur
2401 3273 2493 3324 que
2510 3276 2561 3307 sa
2572 3262 2665 3307 mi-

1799 3346 1903 3379 sere
1912 3333 2112 3379 'touche-

1748 3455 1815 3505 9²
1827 3476 1837 3487 .
1858 3438 1957 3487 Sed
1965 3438 2177 3487 numeris
2188 3435 2357 3495 decor,
2370 3438 2481 3503 eta]
2496 3434 2664 3501 Hunc

1676 3533 1897 3568 versum
1928 3516 2141 3587 profert
2178 3514 2511 3568 adversarius
2538 3516 2662 3567 vul-

1676 3596 1888 3669 gai-ium
1915 3603 2201 3669 poetarum
2230 3615 2443 3649 causam
2469 3614 2658 3667 agens.

1677 3680 1946 3727 -crudis.
1981 3674 2050 3729 Id
2086 3688 2165 3728 est
2184 3714 2200 3740 ,
2228 3676 2505 3739 numeris,
2535 3695 2660 3727 ver·

621 3792 634 3804 .
674 3794 685 3805 .
725 3793 737 3805 .
776 3793 789 3805 .
820 3758 868 3804 Si
883 3759 952 3803 vis
965 3772 1041 3803 me
1058 3756 1202 3814 flere,
1225 3758 1480 3803 dolendum
1498 3767 1569 3805 est
1606 3762 1625 3801 l
1677 3754 1828 3809 ,ὤιξε
1854 3758 1969 3811 istis
1985 3796 2000 3823 ‚
2029 3776 2165 3829 quos
2189 3770 2249 3809 tu
2277 3754 2475 3809 crudos
2491 3792 2509 3819 ,
2540 3754 2654 3807 scil,

618 3829 1059 3890 Primumipsitibi.
1095 3860 1110 3875 .
1149 3862 1160 3873 .
1198 3862 1209 3874 .
1247 3863 1257 3874 .
1295 3861 1309 3875 .
1346 3862 1357 3873 .
1396 3860 1411 3875 .
1451 3845 1513 3875 ..¹

1676 3856 1790 3891 non
1806 3838 1931 3895 satis
1946 3840 2151 3913 politos
2173 3856 2353 3896 vocas.
2376 3838 2439 3891 C.
2464 3849 2521 3891 et
2540 3838 2607 3891 A.

691 3986 757 4031 V.
787 3999 870 4047 91.
899 3983 1194 4033 Incurvasse.
1221 3981 1346 4033 Cod.
1371 3991 1573 4041 noster,
1600 3982 1873 4033 incurvare.
