2775 4619
558 387 684 453 188
892 416 897 423 ·
1008 389 1298 455 VETT.
1348 389 2104 455 COMMENTARII

546 508 809 586 exceptis
847 509 1171 571 admodum
1212 513 1413 590 paucis
1439 554 1458 583 ,
1497 531 1650 590 quos
1689 510 2080 575 σπονδαΐζοντας
2127 510 2432 590 appellant
2461 554 2480 583 ,
2531 522 2616 567 ut

547 606 710 685 apud
738 608 1075 666 Cornelium
1104 612 1386 667 Severum
1409 629 1424 666 t

905 726 1059 775 Pinea
1082 722 1309 776 frondosi
1334 743 1477 775 coma
1503 736 1780 775 murmurat
1799 724 1874 792 (8)
1895 726 2172 791 Apennini.
2431 792 2438 803 ·

632 832 703 885 V.
730 848 827 909 97.
854 830 1069 885 Subere
1094 831 1357 908 coctum]
1387 831 1580 888 Suber
1601 842 1802 887 cortex
1825 828 2070 887 arboris.
2097 829 2380 907 Virgilius
2403 850 2419 885 ε

868 930 1001 993 Huic
1023 956 1187 995 natam
1208 946 1342 994 libro
1359 981 1372 1005 ,
1403 958 1452 995 et
1477 947 1688 995 silvestri
1709 946 1887 993 subere
1911 944 2142 994 clausam.

628 1049 701 1104 V.
732 1068 828 1123 99.
868 1052 1053 1106 Torva
1080 1050 1516 1128 mimalloneis-‚J
1543 1054 1762 1108 Versus
1790 1051 2039 1108 Neronis
2067 1061 2223 1133 sunt.

628 1152 719 1209 lb.
739 1155 1178 1234 Mimalloneis]
1201 1153 1571 1213 Mimallones
1589 1156 1870 1214 dicuntur
1885 1153 2352 1215 ministriLiberi
2375 1155 2572 1231 patris
2588 1195 2609 1222 ,

520 1293 523 1295 ,
552 1252 653 1303 ἀπὸ
677 1256 763 1311 τῆς
788 1253 1058 1323 μιμήσεως.
1084 1252 1406 1309 Calandrus
1428 1252 1770 1329 Illyriorum
1789 1272 1894 1310 rex
1913 1251 1989 1309 ad
2015 1251 2424 1309 Macedoniam
2447 1270 2609 1307 cum

552 1346 812 1403 exercitu
835 1348 1011 1405 venit.
1037 1348 1419 1419 MacedoneS,
1453 1346 1589 1406 cilm
1630 1368 1877 1426 parvum
1912 1347 2232 1405 exercitum
2268 1346 2570 1404 haherent
2589 1388 2609 1414 ,

550 1441 833 1517 plurimas
851 1443 1126 1502 mulieres
1154 1444 1457 1502 cothurnis
1483 1458 1541 1502 et
1567 1444 1780 1521 thyrsis
1797 1486 1813 1513 ,
1837 1446 1901 1501 in
1923 1444 2170 1501 modum
2194 1442 2569 1500 Baccharum
2587 1484 2610 1511 ,

552 1553 924 1599 ornaverunt.
950 1540 1047 1598 Illi
1075 1542 1379 1599 credentes
1399 1542 1722 1599 exercitum
1747 1540 2057 1599 adventare
2073 1583 2089 1610 ,
2111 1541 2536 1598 discesserunt.

628 1648 705 1701 V.
752 1665 880 1702 101.
922 1647 1237 1725 Bassaris]
1280 1647 1632 1717 BassarideS,
1656 1647 1912 1705 Bacchae.
1945 1646 2315 1718 Quibusdam
2351 1646 2610 1715 videtur

550 1760 585 1796 a
608 1760 818 1819 genere
838 1744 1039 1813 vestis,
1065 1743 1183 1821 qua
1206 1744 1380 1802 Liber
1403 1757 1568 1821 pater
1587 1745 1804 1816 utitur,
1829 1744 2080 1803 demissa
2101 1743 2177 1801 ad
2199 1743 2378 1811 talos,
2401 1763 2606 1819 quam

552 1837 839 1895 Thraces*
856 1842 1133 1897 Bassai-in.
1148 1842 1404 1913 Quidam
1421 1862 1454 1897 a
1469 1841 1747 1919 vulpibus
1759 1884 1776 1911 ,
1801 1861 2054 1918 quarum
2073 1840 2330 1917 pellibus
2345 1840 2606 1897 Bacchae

552 1936 1062 2015 succingebantur.
1095 1939 1321 2017 Vulpes
1348 1940 1601 1997 Thraces
1632 1939 1890 1996 bassares
1913 1939 1998 2015 (9)
2029 1938 2254 1995 dicunt.

629 2045 704 2099 V.
742 2064 765 2099 1
782 2053 873 2119 19.
894 2048 1034 2109 ‚Nec
1062 2066 1191 2101 cum
1216 2046 1462 2124 scrobe]
1491 2046 1668 2106 Midae
1694 2045 1994 2104 historiam
2021 2046 2224 2123 tangit.

630 2158 702 2213 V.
738 2179 759 2213 1
775 2178 869 2215 αα.
898 2161 1083 2215 Nulla
1102 2162 1207 2217 tibi
1224 2163 1418 2217 vendo
1443 2160 1680 2238 Iliada]
1703 2163 1838 2218 Non
1859 2160 1967 2217 tibi
1987 2158 2140 2216 illud
2165 2158 2301 2215 dem
2321 2202 2336 2229 ,
2366 2160 2414 2215 si
2439 2158 2602 2216 mihi

550 2252 737 2311 Iliada
786 2255 1073 2314 Labeonis
1098 2300 1115 2328 ,
1160 2269 1263 2315 aut
1307 2258 1556 2316 Neronis
1597 2260 1853 2316 Troicon
1895 2254 2105 2314 tradas.
2145 2254 2388 2332 Scripsit
2427 2258 2599 2314 Nero

553 2354 829 2411 Troicon.

633 2461 706 2517 V.
742 2461 871 2516 133.
896 2463 1481 2541 Nouaria.]Nona1-ia
1505 2464 1658 2522 dicta
1687 2465 1959 2522 meretrix
1979 2505 1996 2534 ,
2023 2463 2160 2540 quia
2185 2461 2342 2540 apud
2362 2471 2602 2518 veteres

554 2574 588 2612 a
617 2575 770 2614 nona
799 2555 942 2615 hora
986 2560 1363 2635 prostabant3
1395 2580 1469 2618 ne
1492 2604 1508 2630 ,
1547 2580 1720 2616 mane
1756 2558 1968 2618 omissa
2004 2557 2416 2617 exercitatione
2433 2599 2452 2625 ,
2483 2556 2597 2614 illo

554 2652 704 2711 irent
728 2653 1143 2714 adolescentes

1395 2841 1773 2859 mssunm

993 2977 1089 3034 IN
1138 2977 1548 3033 SATIRAM
1596 2976 2116 3034 SECUNDAM.

1285 3159 1359 3190 DE
1401 3157 1573 3190 1⁵01(ss
1613 3158 1857 3190 mssu'rss.

634 3307 707 3360 V.
739 3323 788 3357 1.
814 3304 1013 3372 Hune,
1041 3305 1340 3373 Macrine,
1367 3300 1570 3377 dcem]
1593 3299 1936 3377 Alloquitur
1953 3299 2216 3362 Plotium,
2234 3297 2592 3367 Macrinum,

554 3400 858 3466 hominem
883 3417 1017 3456 sane
1043 3399 1373 3469 erud-itum,
1400 3411 1460 3455 et
1479 3411 1722 3476 paterno
1752 3417 1812 3455 se
1839 3396 2058 3454 affectu
2082 3395 2423 3474 diligentem
2441 3438 2459 3467 ‚
2486 3396 2593 3473 qui

554 3498 617 3553 in
648 3496 827 3553 domo
856 3495 1082 3554 Servilii
1117 3495 1434 3564 didicerat,
1465 3515 1498 3550 a
1537 3513 1658 3572 quo
1697 3492 1956 3572 agellum
1993 3504 2460 3569 comparaverat,
2494 3492 2593 3548 in·-

554 3593 727 3651 dulto
756 3593 867 3650 sibi
894 3593 1084 3671 pretio
1110 3592 1433 3670 aliquanto.

636 3705 709 3758 V.
742 3723 763 3756 1
778 3721 831 3758 2.
858 3703 1230 3758 Proximus...
1250 3699 1633 3776 expungam]
1657 3702 1934 3756 Tractum
1957 3717 1990 3754 a
2015 3689 2331 3764 militibus,
2359 3695 2466 3771 qui
2490 3715 2593 3750 ex·-

554 3797 761 3875 puncti
790 3798 1101 3866 dicuntur,
1132 3797 1278 3853 dum
1305 3795 1462 3852 foras
1491 3814 1523 3851 a
1551 3794 1760 3852 militia
1797 3795 2165 3852 emittuntur.
2193 3795 2377 3859 Item,
2407 3803 2592 3847 meta-

552 3892 741 3969 phora
766 3913 801 3951 a
825 3893 986 3954 bello
1001 3937 1017 3965 ,
1044 3893 1105 3950 in
1134 3911 1286 3971 quO,
1311 3890 1554 3950 cadente
1591 3889 1698 3968 qui
1725 3891 1952 3969 primus
1977 3901 2066 3948 est
2083 3931 2100 3960 ,
2128 3887 2596 3946 succenturiatur

556 3987 723 4046 alius·
774 4027 782 4041 ι
1789 3995 1794 3999 “
