2775 4619
1116 326 1144 362 Χ

606 502 690 577 42

959 489 2283 583 A.PER5115LACCISAT.L

687 619 752 684 N
753 641 825 684 ec
852 619 965 706 qui
992 617 1190 681 abaco
1218 636 1526 679 numeros
1543 662 1562 695 ‚
1587 629 1652 679 et
1679 629 1853 678 secto
1881 613 1949 677 in
1981 615 2251 702 pulvere
2277 630 2475 680 metas

691 735 824 800 Scit
857 735 1069 798 risisse
1100 733 1315 815 vafer,
1346 732 1630 796 multum
1663 729 1942 821 gaudere
1974 747 2234 818 paratus
2251 779 2270 811 ‚

685 850 755 915 Si
784 849 1028 937 Cynico
1054 847 1325 912 barbam
1355 846 1652 936 petulans
1683 847 1746 911 N
1750 847 1973 911 onaria
1997 847 2212 910 vellat.

689 965 810 1029 His
839 987 1030 1028 mane
1054 962 1345 1028 edictum
1365 1010 1384 1044 ‚
1411 978 1560 1051 post
1585 960 1859 1050 prandia
1876 1009 1895 1041 ‚
1923 960 2293 1056 Callirhoen
2327 959 2433 1023 do.

599 1177 730 1221 nus,
749 1155 1039 1209 dimidium
1059 1155 1276 1209 sextarii
1294 1155 1580 1208 continens

603 1241 795 1309 (litt-e,
820 1239 1019 1309 030⁶).
1046 1237 1149 1291 Hic
1171 1277 1187 1305 ,
1215 1256 1316 1310 pro
1340 1238 1580 1308 qualibet

600 1339 873 1373 mensura.
886 1318 1153 1370 -Arreeiss
1176 1319 1337 1371 Nunc
1354 1324 1548 1394 Arezzo
1561 1357 1579 1379 ,

596 1401 828 1453 Etruriae
848 1398 1145 1471 oppidum,
1168 1400 1309 1452 vasis
1320 1398 1582 1454 fictilibus

601 1479 880 1551 quondam
905 1480 1129 1532 celebre.
1154 1479 1217 1531 P.

578 1615 584 1621 ,
675 1559 798 1612 131.
828 1563 931 1610 Nec
958 1563 1049 1625 qui
1068 1563 1225 1610 abaco
1256 1579 1496 1611 numeros.
1515 1597 1580 1612 ..-

600 1644 693 1691 scit
710 1644 909 1710 risisse-‚J
930 1640 1059 1693 Hae'c
1098 1639 1165 1692 ad
1202 1638 1373 1693 studii
1400 1640 1582 1711 philo·

598 1721 808 1794 sophici
848 1733 903 1774 et
940 1721 1285 1794 scientiarum
1314 1719 1579 1776 detrecta-

596 1817 742 1856 tores
762 1805 1272 1874 spectant.—Abaco
1293 1823 1577 1855 numeros....

596 1871 915 1955 Descriptos⁸
941 1885 999 1936 in
1034 1885 1197 1936 abaco
1231 1901 1487 1936 numeros
1509 1886 1576 1936 ab

594 1964 965 2017 arithmeticis.
980 1969 1132 2014 —Ec
1151 1978 1278 2014 secto
1306 1968 1357 2014 in
1376 1969 1577 2032 pulvere

595 2061 765 2096 metas.
796 2046 989 2098 Lineas
1026 2044 1213 2098 ductas
1235 2063 1263 2097 a
1292 2047 1576 2116 geometris

595 2127 655 2177 in
679 2126 905 2197 pulvere
927 2146 939 2177 ε
968 2145 1094 2178 nam
1118 2127 1194 2176 sic
1214 2127 1574 2178 mathematici

593 2205 794 2277 figuras
815 2204 1207 2278 describebant.
1236 2207 1302 2257 In
1331 2225 1390 2258 ea
1415 2225 1574 2258 occu·

592 2285 817 2358 petione
879 2287 1121 2339 intentus
1183 2286 1530 2339 Archimedes
1559 2324 1574 2351 ‚

590 2366 763 2439 captis
790 2366 1096 2437 Syracusi3‚
1122 2384 1153 2417 a
1183 2366 1353 2417 milite
1380 2369 1576 2418 Roma-

591 2464 667 2497 no
708 2447 901 2498 misere
936 2446 1139 2497 occisus
1178 2458 1275 2498 est.
1305 2446 1415 2499 Tit.
1451 2448 1573 2500 Liv.

592 2526 692 2578 lib.
714 2527 975 2578 XXV.——-
991 2530 1163 2577 Metus.
1186 2526 1352 2579 lineas
1372 2546 1580 2598 geome-

590 2605 771 2657 tricas.
792 2604 857 2656 P.

671 2686 793 2737 132.
836 2689 1047 2737 Multum
1084 2690 1304 2755 gaudere
1332 2702 1575 2753 paratus,

590 2770 721 2833 eta]
759 2763 936 2818 Iidem
967 2768 1330 2819 abhorrebant
1362 2787 1393 2819 a
1424 2768 1574 2820 Grae-

591 2866 785 2899 corum
838 2845 1141 2920 disciplinis
1172 2886 1189 2913 ,
1234 2862 1289 2901 et
1336 2848 1577 2919 philoso-

590 2929 764 3000 phos,
790 2930 888 3000 qui
918 2948 948 2982 e
980 2928 1187 2982 Groecia
1218 2930 1443 2981 Romam
1473 2930 1575 2982 im-

590 3010 893 3080 migrabant
908 3049 925 3075 ‚
946 3009 1188 3063 ludibrio
1211 3011 1501 3063 habebant.

668 3089 790 3140 133.
812 3093 865 3140 Si
878 3093 1055 3155 Cynico
1076 3094 1308 3151 barbam,
1327 3092 1444 3161 eta]
1471 3092 1574 3163 Cy·

589 3168 776 3220 nicum
794 3170 884 3221 hic
902 3188 1005 3240 pro
1026 3172 1219 3241 quovis
1237 3172 1570 3242 philosopho

586 3250 853 3300 nominat.
868 3250 949 3301 De
962 3254 1156 3313 cynicis,
1168 3249 1277 3304 vid.
1291 3250 1360 3303 ad
1375 3255 1408 3304 J
1413 3272 1568 3306 uven.

588 3328 856 3390 sat.XIII‚
875 3346 897 3379 1
909 3348 995 3393 οι,
1012 3341 1066 3381 et
1084 3330 1236 3393 XIV,
1254 3330 1570 3401 309.--Bar-

591 3412 766 3459 bamm.
784 3412 957 3459 vellat.
973 3410 1149 3461 Atrox
1170 3423 1283 3463 erat
1298 3412 1353 3464 in
1354 3433 1373 3484 J
1380 3414 1498 3465 uria
1515 3426 1569 3465 et

588 3486 892 3545 ludibrium
906 3488 1067 3541 alicui
1081 3502 1339 3561 tanquam
1352 3493 1502 3545 fatuo
1517 3505 1571 3546 et

588 3563 789 3618 stolido
816 3564 1038 3618 barba-m
1056 3568 1286 3634 vellere3
1314 3558 1465 3640 quod
1492 3583 1568 3621 ta·-

590 3666 716 3699 men
738 3665 877 3719 saepe
898 3646 1172 3701 accidebat
1188 3648 1531 3721 philosophis
1549 3688 1566 3715 ‚

588 3728 887 3797 pra-,sertim
898 3726 1117 3800 Cynicis
1144 3740 1199 3781 et
1220 3729 1426 3783 Stoicis.
1436 3730 1566 3782 Hor.

588 3819 687 3859 sat.
710 3807 809 3861 lib.
833 3809 861 3859 1
880 3846 895 3873 ‚
927 3808 957 3861 3
976 3847 991 3873 ‚
1018 3808 1120 3861 sub
1144 3809 1330 3862 finem.
1370 3818 1379 3823 '

594 3946 910 3962 .......
944 3916 1143 3961 'vellunt
1166 3917 1255 3961 tibi
1278 3917 1473 3963 barbam

590 3984 773 4029 Lascivi
787 3988 945 4045 pueri,
967 4002 1087 4048 quos
1108 3996 1161 4033 tu
1184 3987 1275 4033 nisi
1296 3986 1420 4034 fuste
1437 3993 1566 4035 coer-

716 4069 817 4109 ces,

1660 1155 1852 1217 Urgeris
1871 1153 2012 1204 turha
2029 1153 2206 1202 circum
2224 1163 2270 1200 te
2287 1163 2438 1200 stante
2451 1187 2466 1211 ‚
2489 1155 2656 1202 miser-

1786 1243 1880 1290 que

1659 1301 1910 1360 Rumperis
1919 1334 1932 1355 ,
1948 1309 1995 1346 et
2004 1299 2146 1346 latras
2159 1314 2433 1362 magnorum
2445 1299 2652 1346 maxime

1781 1387 1965 1434 regum.
2495 1372 2614 1417 Brit.

1662 1481 1989 1530 -Νοηαι-ἰα.
2012 1479 2272 1532 Meretrix
2293 1498 2416 1550 quae
2435 1491 2656 1550 prostat

1661 1562 1729 1612 ab
1747 1559 1882 1612 ‘hora
1903 1579 2049 1613 nona
2079 1573 2131 1612 et
2160 1581 2188 1612 a
2217 1559 2451 1632 prandio
2472 1599 2488 1626 ,
2521 1564 2656 1613 cum

1655 1643 1768 1713 jam
1789 1641 2017 1711 negotiis
2036 1640 2284 1694 homines
2311 1653 2440 1692 sunt
2461 1643 2654 1694 minus

1657 1723 1926 1793 occupati.
1945 1753 2017 1762 --
2038 1723 2211 1772 VeIIat.
2247 1724 2324 1774 Ut
2359 1723 2482 1774 Lais
2517 1723 2655 1774 Dio-

1659 1803 1782 1874 geni
1804 1803 1900 1874 qui
1920 1803 2258 1854 meretricem
2275 1801 2416 1854 hanc
2429 1803 2652 1858 amavit.

1656 1881 1790 1936 Vid.
1816 1883 2025 1935 Athaen.
2052 1883 2149 1935 lib.
2175 1883 2343 1934 XIII.
2574 1951 2582 1957 „

1731 1964 1852 2026 134.
1880 1968 1965 2015 His
1992 1975 2136 2015 mane
2161 1968 2412 2032 edictum]
2435 1965 2649 2018 Forum

1655 2063 1814 2098 mane
1834 2057 2020 2116 petant
2034 2084 2050 2112 ,
2072 2045 2168 2103 nbi
2189 2045 2440 2097 Praetoris
2469 2045 2649 2099 edicta

1655 2126 1958 2197 excipiant3
1982 2137 2180 2180 vacent.
2205 2126 2438 2180 avaritiae
2464 2140 2518 2179 et
2545 2129 2647 2180 foe-

1655 2207 1779 2259 nori
1814 2206 2136 2260 exercendo.
2153 2237 2226 2248 --
2241 2210 2528 2259 Callirhoe‘n
2558 2211 2646 2261 do.

1656 2289 1776 2341 Hoc
1811 2289 1932 2342 loco
1951 2328 1968 2355 ‚
1997 2290 2244 2343 laborant
2277 2289 2604 2361 interpretes
2633 2309 2648 2343 ε

1653 2369 1747 2421 alii
1787 2383 2028 2422 scortum
2061 2370 2257 2423 volunt
2299 2370 2534 2441 aliquod
2570 2373 2650 2423 fa·

1657 2468 1906 2515 mosum3
1934 2449 2021 2501 alii
2044 2450 2280 2511 scenicos
2306 2448 2472 2502 ludos
2492 2464 2548 2503 et
2570 2451 2650 2502 fa-

1657 2530 1842 2581 bulam
1857 2527 1926 2581 de
1939 2530 2210 2581 Callirhoe
2231 2542 2364 2581 tunc
2379 2531 2647 2601 temporis

1657 2610 1900 2663 exhiberi
1926 2608 2170 2675 solitam;
2196 2611 2285 2661 alii
2311 2613 2647 2664 natationem

1655 2702 1712 2743 et
1751 2688 2242 2743 deambulationem
2285 2693 2306 2757 (
2332 2692 2531 2743 allusio
2577 2691 2645 2743 ad

1657 2770 1860 2821 fontem
1901 2770 1960 2822 in
2004 2771 2178 2822 Attica
2218 2771 2442 2841 regione
2481 2772 2646 2823 Calli-

1655 2852 1791 2902 rhoe
1849 2851 2191 2903 nominatum
2236 2853 2279 2920 ).
2339 2851 2648 2905 Contendit

1657 2932 1934 2984 Marcilius
1952 2930 2300 2983 referendum
2321 2951 2436 2985 esse
2457 2932 2530 2985 ad
2546 2934 2596 2985 N
2597 2953 2646 2986 e-

1656 3027 1844 3060 ronem
1865 3047 1896 3073 ‚.
1913 3009 2009 3080 qui
2039 3008 2312 3080 populum
2339 3007 2528 3061 edicto
2546 3030 2645 3064 vo-

1651 3102 1814 3152 caret,
1825 3102 1878 3141 et
1895 3102 2241 3141 cantaturum
2257 3108 2312 3140 se
2327 3088 2646 3146 Callirhoen

1651 3170 1992 3240 promitteret
2009 3208 2025 3234 ,
2053 3182 2114 3222 ut
2139 3169 2207 3220 sit
2228 3170 2397 3221 Persii
2417 3189 2610 3222 sensus
2630 3190 2644 3222 ε

1649 3250 1777 3300 tales
1797 3268 1894 3320 ego
1915 3248 2190 3302 auditores
2207 3248 2337 3301 hinc
2355 3268 2384 3301 a
2405 3252 2543 3302 meis
2563 3270 2646 3303 sa-

1649 3329 1768 3386 tiris
1813 3330 2000 3402 ablego
2044 3330 2112 3383 ad
2152 3328 2454 3383 audiendos
2500 3332 2646 3383 Prae-

1649 3421 1790 3461 tores
1808 3430 1984 3475 mane,
1996 3422 2050 3462 et
2061 3422 2186 3481 post
2201 3408 2433 3482 prandia
2450 3411 2646 3481 inepta

1649 3490 1880 3543 Neronis
1901 3492 2156 3544 carmina.
2180 3492 2305 3544 Non
2333 3492 2472 3543 male
2503 3493 2612 3545 hoe
2627 3532 2645 3559 ,

1648 3570 1756 3622 nisi
1805 3583 1940 3624 esset
1989 3590 2137 3624 mera
2197 3575 2512 3643 conjectura
2573 3575 2646 3625 ab

1648 3651 1827 3705 edicto
1865 3654 2099 3705 Neronis
2138 3652 2206 3705 de
2239 3653 2422 3705 fabuia
2452 3672 2550 3705 sua
2583 3654 2648 3705 in

1649 3733 1982 3785 Callirhoen.
2013 3735 2128 3787 Nos
2160 3734 2331 3807 igitur
2363 3734 2430 3786 iis
2459 3753 2646 3787 assen-

1649 3814 1819 3866 timur
1837 3854 1852 3879 ‚
1894 3816 1992 3887 qui
2037 3818 2152 3888 1²¹aess
2202 3816 2523 3888 intelligunt
2573 3816 2650 3869 de

1647 3909 1826 3947 scorto
1853 3897 2084 3962 celebri,
2103 3895 2183 3949 ·ad
2233 3895 2388 3968 quod
2422 3898 2650 3969 ineptos

1646 3978 1872 4031 lectores
1901 3979 2081 4031 mittat
2109 3980 2347 4032 Persius.
2379 3980 2447 4031 A.
