2775 4619
528 424 614 499 40

1049 421 1126 484 A.
1183 417 1562 486 PERSII
1626 417 2020 487 FLACCI

618 542 841 612 Iliade.
872 541 1123 607 Audaci
1152 545 1558 632 quicumque
1591 542 1802 611 afflate
1830 545 2100 612 Cratino
2115 594 2136 628 ‚

616 659 865 724 Iratum
896 656 1285 748 Eupolidem
1316 659 1680 750 praegrandi
1709 682 1861 725 cum
1887 683 2038 726 sene
2064 660 2266 748 palles
2287 707 2308 744 ,

614 771 858 867 Aspice
880 787 942 836 et
968 772 1137 852 haec,
1169 771 1223 836 si
1250 772 1418 836 forte
1443 770 1692 862 aliquid
1717 774 2047 875 decoctius
2071 773 2276 840 audis.

2377 833 2384 848 ,
2461 780 2574 836 125

617 883 782 951 Inde
805 887 1108 976 vaporata
1134 885 1339 950 lector
1364 887 1528 953 mihi
1561 886 1801 952 ferveat
1827 911 1983 954 aure
1999 936 2018 970 ,
2061 941 2068 950 .

529 1103 748 1158 opertum
761 1127 778 1150 ,
800 1090 891 1140 hoc
920 1091 1079 1139 ridere
1104 1105 1263 1156 meum
1287 1101 1387 1138 tam
1407 1090 1508 1148 nil,

531 1169 671 1222 nulld
713 1172 803 1221 eibi
823 1207 841 1230 ,
876 1183 963 1220 etc.
1010 1167 1162 1240 quasi
1200 1168 1300 1219 ista
1337 1166 1407 1220 ad
1447 1167 1506 1221 id

531 1249 682 1323 quod
706 1265 869 1322 supra
893 1248 1036 1302 dixit
1060 1247 1351 1300 dicterium
1368 1287 1386 1313 ‚
1413 1267 1508 1299 au-

529 1333 713 1382 riculas
743 1332 873 1380 asa'ni
902 1334 1042 1381 Mida
1079 1349 1170 1380 rex
1206 1331 1382 1392 babet,
1410 1328 1506 1382 de·

526 1411 695 1464 beant
714 1409 923 1469 referri.
948 1410 1153 1480 Injusta
1173 1421 1253 1462 est
1271 1411 1387 1480 ejus
1408 1410 1506 1462 cri-

526 1491 755 1544 minatio
770 1510 783 1540 t
802 1509 947 1554 nam,
958 1508 1058 1562 per
1068 1492 1159 1540 hoc
1168 1509 1257 1558 ego
1266 1505 1505 1558 opertum,

528 1585 584 1624 et
604 1575 661 1626 τὸ
680 1573 841 1622 ridere
862 1589 1020 1632 meum
1040 1583 1140 1618 tam
1160 1571 1259 1629 nil,
1285 1595 1306 1614 ι
1321 1569 1506 1622 satiras

532 1677 555 1700 ι
578 1671 701 1706 suas
742 1651 1017 1721 eleganter
1056 1651 1334 1722 περιφράζιι
1363 1689 1381 1715 ,
1419 1651 1505 1702 in·

530 1753 555 1778 e
578 1731 701 1802 quit
724 1721 1071 1782 Casaubonus
1088 1764 1105 1792 ‚
1130 1727 1339 1780 duabus
1359 1726 1511 1781 adhi-

532 1834 557 1858 α
577 1810 709 1862 bitis
743 1809 892 1862 notis
924 1827 939 1859 ε
978 1806 1128 1880 quod
1174 1807 1243 1861 sit
1285 1827 1504 1862 carmen

532 1917 557 1938 ι
580 1903 837 1963 opertum
853 1927 871 1954 ‚
894 1903 948 1942 et
974 1889 1044 1942 ad
1072 1888 1407 1943 movendum
1431 1890 1506 1942 ri-

532 1995 555 2018 ·
578 1989 698 2022 sum
749 1971 1078 2042 appositum.
1132 1970 1310 2034 Quam
1363 1968 1507 2023 belle.

530 2074 555 2097 c
575 2051 691 2103 haec
722 2063 971 2102 naturam
1005 2051 1118 2120 ejus
1154 2047 1365 2119 generis
1393 2066 1509 2101 car·

530 2153 555 2176 ι
578 2130 789 2181 minum
822 2127 1109 2198 aperiunt!
1137 2150 1159 2172 ι
1199 2127 1286 2178 Sic
1312 2133 1507 2198 poetat

524 2222 673 2257 meas
707 2205 921 2265 satiras,
960 2213 1135 2254 meam
1173 2202 1314 2255 hanc
1346 2202 1510 2256 liber-

526 2299 695 2339 tatem
718 2282 970 2351 ridendi,
998 2301 1121 2357 quae
1153 2283 1254 2337 tibi
1286 2295 1396 2336 tam
1427 2283 1510 2337 vi-

523 2366 605 2419 les
649 2364 913 2438 videntur
945 2402 963 2429 ,
1011 2382 1255 2435 quasque
1300 2364 1509 2417 nullius

524 2446 695 2517 pretii
738 2443 887 2515 apud
934 2445 1204 2495 Romanos
1251 2443 1371 2496 fore
1423 2441 1510 2495 di-

524 2526 658 2578 xisti
682 2563 699 2591 ,
734 2525 885 2577 nulla
931 2524 1031 2577 tibi
1058 2522 1259 2577 .vendo
1300 2523 1508 2587 Iliade,

527 2629 632 2669 etc.
654 2654 669 2667 .
691 2653 704 2668 .
727 2652 742 2666 .
790 2615 925 2679 Quae
973 2611 1201 2685 quidem
1242 2612 1508 2665 sententia

524 2694 733 2748 nedum
750 2694 958 2747 insulsa
979 2707 1058 2747 est
1078 2707 1134 2747 et
1158 2694 1374 2763 inepta;
1398 2694 1508 2745 ele·

523 2794 655 2847 gans
694 2789 887 2830 contra
929 2774 1054 2827 fluit
1074 2813 1091 2841 ‚
1105 2824 1115 2827 ,
1125 2773 1375 2847 jocisque
1417 2790 1502 2825 re·

525 2856 683 2909 ferta.
716 2857 776 2908 A.

541 2954 550 2959 ·
600 2954 625 2988 1
636 2936 716 2988 23.
728 2939 927 3003 Iliade]
940 2933 1204 2987 Labeonis
1217 2934 1346 2986 Acci
1360 2932 1500 2985 scili·

523 3018 1033 3080 cen—Quicumque,
1051 3026 1139 3063 etc.
1156 3012 1313 3065 More
1325 3013 1504 3083 philo-

520 3094 821 3165 sophorum
834 3132 851 3157 ,
866 3094 1078 3145 Persius
1096 3090 1299 3145 indicat
1318 3092 1503 3163 quales

520 3174 722 3225 babere
742 3173 925 3244 cupiat
946 3172 1237 3225 auditores.
1256 3170 1500 3222 Scilicet:

523 3272 642 3306 mea
662 3291 678 3319 ,
706 3252 889 3326 inquit
906 3290 923 3318 ‚
954 3254 1153 3325 scripta
1194 3252 1335 3323 legat
1374 3250 1500 3321 qui-

522 3348 761 3405 cumque
788 3347 1032 3387 assuetus
1066 3332 1237 3386 fuerit
1261 3329 1504 3401 legendis

472 3471 477 3477 ,
521 3414 851 3468 carminibus
894 3413 1103 3467 Cratini
1123 3451 1141 3477 ,
1176 3409 1466 3483 Eupolidis
1484 3450 1501 3477 ,

518 3495 905 3567 AristophaniS‚
922 3493 1020 3566 qui
1036 3492 1167 3547 vitia
1181 3490 1504 3545 Graecorum

521 3575 799 3628 mordicus
820 3592 1088 3647 carpsere.
1104 3573 1403 3623 -Audaci.
1422 3608 1435 3621 .
1453 3609 1466 3623 .
1486 3609 1500 3623 .

519 3659 735 3708 Cratino.
754 3658 901 3709 Vere
929 3653 1116 3708 audaci
1139 3672 1152 3703 τ
1180 3670 1307 3703 nam
1332 3651 1502 3703 comi·

516 3754 711 3789 corum
728 3738 832 3790 fuit
850 3750 903 3789 et
920 3734 1251 3799 liberrimus,
1264 3745 1318 3785 et
1336 3732 1500 3785 male-
1542 3800 1550 3804 Α

518 3813 1321 3885 dicentissimus.Aristoph.vet.
1331 3812 1501 3865 schol.

514 3902 756 3969 Κρατῖνος
795 3902 819 3951 ὁ
866 3902 955 3957 τῆς
994 3899 1213 3957 παλαιᾶς
1246 3890 1505 3969 κομῳὸίας

514 3980 723 4038 ποιητὴς
746 3978 836 4029 ἅτε
858 3971 924 4032 δὴ
959 3978 1093 4029 κατὰ
1116 3976 1208 4038 τὰς
1230 3968 1498 4047 Ᾰρχιλόχου
1549 4046 1555 4049 Δ

514 4056 749 4121 ζητήσεις,
796 4057 1004 4125 αὐςηρὸς
1058 4060 1169 4120 ταῖς
1228 4052 1496 4127 λοιδορίαις

1589 1091 1708 1151 ἰςίν.
1729 1092 1803 1144 Οὐ
1824 1089 1918 1162 γὰρ
1941 1091 2104 1162 ὥσπερ
2135 1083 2440 1162 Ᾰριςοφάνης
2460 1094 2582 1145 ἐπι-

1586 1172 1772 1240 τρέχειν
1819 1171 1909 1228 τὴν
1959 1171 2098 1243 χάριν
2144 1173 2246 1230 τοῖς
2292 1168 2576 1242 σκῖιμμασι

1585 1253 1747 1315 ποιεῖ,
1771 1252 1827 1302 τὸ
1860 1251 2076 1322 φορτικὸν
2111 1257 2200 1312 τῆς
2235 1251 2580 1321 ἐπιτιμήσεως

1585 1325 1679 1382 διὰ
1725 1330 1911 1390 ταύτης
1961 1331 2168 1402 ἀναιρῶν
2183 1365 2198 1389 ,
2245 1331 2352 1382 ἀλλ’
2398 1332 2578 1391 ἁπλῶς

1584 1408 1719 1462 κατὰ
1757 1411 1846 1466 τὴν
1886 1410 2152 1480 παροιμίαν
2190 1415 2352 1481 γυμνῇ
2382 1417 2446 1480 τῇ
2485 1431 2575 1462 κε-

1583 1493 1712 1558 φαλῇ
1752 1489 1910 1546 τίθησι
1946 1489 2039 1550 τὰς
2081 1491 2402 1560 βλασφημίας
2432 1490 2576 1542 κατὰ

1586 1575 1682 1621 τῶν
1701 1570 2103 1643 ἁμαρτανόντων.
2113 1570 2370 1622 Cratinus
2383 1581 2577 1633 autem

1586 1645 1862 1717 Eupolide
1920 1659 1975 1698 et
2032 1647 2392 1718 Aristophane
2434 1649 2577 1700 anti-

1589 1726 1770 1797 quior,
1791 1738 1951 1778 natus
1964 1725 2190 1779 Athenis
2205 1763 2222 1790 ,
2244 1739 2298 1779 et
2320 1725 2574 1782 floruisse

1586 1820 1712 1860 ante
1729 1807 1938 1859 bellurn
1951 1806 2499 1878 Peloponnesiacum,
2515 1821 2574 1860 et

1584 1888 1779 1941 'vixisse
1829 1887 1898 1940 ad
1953 1906 2158 1940 annum
2203 1889 2569 1940 centesimum

1585 1987 1694 2022 suae
1721 1970 1890 2022 aetatis
1915 1968 2136 2022 dicitur.
2163 1969 2226 2022 C.
2251 1981 2304 2022 et
2323 1969 2386 2022 P.

1663 2059 1778 2112 1²4.
1796 2055 1987 2114 Iratum
2004 2053 2330 2118 Eupolidem.}
2344 2049 2420 2116 Is,
2439 2053 2575 2103 cum

1588 2132 1838 2184 versibus
1876 2130 2208 2184 Alcibiadem
2255 2131 2537 2185 lacerAsset
2552 2169 2573 2196 ,

1591 2211 1649 2263 in
1683 2231 1829 2264 mare
1859 2211 1928 2264 ab
1963 2229 2029 2264 eo
2059 2211 2430 2283 praecipitatus
2463 2224 2569 2264 est.

1592 2291 1706 2345 Cic.
1735 2292 1892 2363 epist.
1915 2293 1942 2343 1
1961 2290 2029 2345 ad
2048 2293 2161 2344 Att.
2186 2291 2281 2343 lib.
2303 2292 2420 2344 Vr:
2453 2295 2576 2359 Quis

1588 2392 1688 2423 non
1703 2376 1836 2424 dixit
1851 2374 2075 2439 Eupolim
2087 2410 2101 2431 ‚
2121 2375 2187 2422 ab
2202 2375 2466 2423 Alcibiade
2479 2394 2572 2424 na·

1588 2454 1780 2519 vigante
1799 2456 1852 2503 in
1872 2456 2086 2503 Siciliam
2101 2488 2118 2512 ‚
2139 2455 2378 2521 dejectum
2405 2472 2504 2503 esse
2521 2458 2574 2505 in

1590 2551 1726 2583 mare
1733 2540 1760 2582 Ρ
1769 2534 2146 2601 *Pr-affandi
2153 2552 2264 2583 cum
2273 2550 2407 2583 sene.
2424 2533 2576 2587 Aris-

1591 2611 1860 2682 tophane,
1895 2630 2060 2683 quem
2093 2629 2279 2664 senem
2312 2624 2475 2666 vocat
2501 2613 2572 2666 ob

1587 2690 1852 2745 monendi
1899 2690 2332 2763 increpandique
2391 2706 2576 2764 partes

1588 2790 1722 2844 quas
1733 2773 1962 2825 sustinet
1978 2773 2038 2825 in
2060 2774 2274 2825 fabulis.
2294 2772 2366 2825 Hi
2385 2788 2572 2829 autem

1583 2864 1693 2907 tres
1722 2855 1876 2907 fuere
1902 2854 2100 2908 veteris
2133 2853 2411 2907 comoediae
2445 2856 2576 2908 scri-

1578 2939 2022 3005 ptoresp-Palles.
2041 2936 2208 2987 Recte
2220 2973 2234 2996 ‚
2252 2952 2356 3005 pro
2369 2934 2571 2988 studiis

1580 3014 1716 3067 adeo
1737 3014 2041 3080 incumbis,
2065 3028 2127 3067 ut
2151 3015 2416 3085 pallorem
2436 3014 2570 3067 inde

1584 3094 1886 3167 contrahas;
1905 3111 2072 3164 quam
2085 3092 2384 3146 dictionem
2399 3092 2572 3145 nostri

1585 3186 1934 3244 acceperunt.
1958 3174 2193 3234 Boilcau,
2215 3186 2317 3225 sat.
2342 3172 2491 3225 VIII
2512 3192 2526 3223 ε

1581 3260 1732 3321 Apres
1759 3260 1883 3317 cela,
1905 3260 2134 3317 docteur‚
2158 3276 2219 3307 va
2251 3260 2378 3321 palir
2407 3276 2487 3307 sur
2519 3262 2564 3306 ln

1707 3332 1856 3379 Bible.
2242 3334 2294 3378 C.
2324 3334 2378 3377 P.
2409 3341 2456 3377 et
2474 3332 2532 3378 A.

1660 3410 1781 3465 125.
1825 3415 1878 3463 Si
1900 3406 2040 3480 sbi-te
2083 3412 2286 3478 aliquid
2323 3412 2570 3463 decoctius

1583 3492 1779 3563 andis.]
1827 3494 1956 3545 Hoec
1997 3492 2246 3545 modeste
2293 3490 2431 3545 dicit
2452 3530 2470 3558 ,
2509 3504 2574 3544 ut

1583 3591 1748 3643 supra
1767 3592 1780 3623 τ
1801 3574 1988 3639 siforte
2009 3575 2135 3638 quid
2149 3575 2313 3643 aptius
2330 3574 2450 3623 exie.
2472 3572 2572 3624 Le-

1582 3673 1646 3725 ge
1661 3691 1678 3717 ,
1702 3654 1887 3725 inquit
1902 3692 1917 3715 ,
1936 3653 1979 3705 si
2006 3654 2149 3705 forte
2169 3651 2382 3722 aliquid
2407 3666 2488 3705 est
2507 3653 2568 3703 in

1579 3734 1664 3787 his
1683 3731 1826 3786 meis*
1835 3734 2008 3786 satiris
2034 3737 2130 3786 tua
2152 3732 2460 3785 attentione
2483 3732 2570 3785 di-

1577 3817 2106 3887 gnum.--Decoctiu5.
2115 3812 2370 3867 Elaborat
2376 3831 2473 3865 um
2487 3812 2568 3867 di·

1581 3896 1724 3969 ligen
1733 3896 1855 3948 tius.
1873 3897 1938 3947 L.

1656 3994 1678 4027 1
1689 3979 1770 4027 αδ.
1787 3978 1908 4025 Inde
1917 3973 2214 4043 ‘vapor-atii]
2233 3974 2314 4025 Ex
2326 3972 2568 4025 lectione

1577 4050 1891 4105 Graecorum
1929 4056 2222 4123 poetarum
2259 4068 2416 4103 mens
2447 4050 2567 4103 lec-
