2775 4619
817 310 1493 443 ‘PRAEFA'rIQ
2086 372 2154 444 ix

2102 447 2137 480 «ι

66 512 226 585 inde
279 511 675 588 fructum
735 532 1038 617 caperet
1093 513 1674 617 aliquantulum.
1718 511 1857 592 ‚Sin'
1901 523 2155 595 autem

77 673 215 719 non
251 673 368 718 eae
409 649 592 721 sint
639 675 814 750 quae
849 665 1150 724 tantum
1193 653 1451 723 virum
1486 646 1841 721 decerent
1864 699 1885 736 ,
1926 645 2153 720 sicuti

79 780 254 852 mihi
303 783 594 854 visum
647 800 820 875 est-3
865 800 948 857 at
1007 783 1267 857 saltem
1285 837 1310 874 ‚
1363 807 1506 855 nec
1558 777 2158 855 contemnendas

85 940 206 987 nec
239 915 960 1014 praetermittendas
991 917 1364 1014 judicavi,
1400 929 1491 992 ut
1517 926 1893 988 constaret
1920 937 2153 1010 quan·

90 1065 237 1121 tum
322 1074 480 1150 ego
571 1049 852 1124 laboris
933 1053 1389 1152 susceperim
1425 1104 1447 1139 ‚
1518 1051 1656 1150 qui
1735 1075 1835 1122 ne
1903 1045 2151 1122 hilum

91 1183 402 1282 quidem
453 1183 934 1284 despexerim
983 1187 1077 1257 ad
1123 1187 1491 1285 optimam
1544 1183 1871 1256 auctoris
1908 1182 2155 1257 nostri

90 1316 688 1390 illustrationem
731 1346 754 1410 3
820 1335 894 1392 et
930 1373 949 1406 ‚
1008 1319 1218 1418 quod
1287 1320 1703 1390 maximum
1771 1340 1945 1389 reor
1973 1369 1996 1407 ‚
2056 1313 2154 1388 ad

95 1465 290 1523 tuam
311 1507 336 1542 ,
377 1455 708 1544 Lector,
750 1451 1156 1526 utilitatem
1207 1451 1853 1550 commodumque
1890 1450 2149 1524 certis·

95 1585 392 1656 simum.
455 1587 646 1656 Uno
691 1581 928 1658 verbo
954 1642 976 1677 ‚
1029 1585 1208 1659 inde
1259 1585 1599 1684 judicare
1644 1581 1821 1662 licet
1866 1599 2153 1688 quanta

100 1719 178 1789 sit
231 1717 438 1818 fides
497 1715 932 1790 adhihenda·
993 1719 1308 1792 editioni
1368 1743 1543 1820 quae
1604 1733 1719 1792 tot
1776 1719 2151 1798 clarorum

103 1853 432 1924 virorum
454 1905 478 1938 ,
517 1864 687 1921 tum
719 1847 1296 1950 defunctorum,
1331 1867 1503 1926 tum
1534 1851 1781 1926 adhuc
1816 1855 1898 1926 in
1934 1853 2155 1925 terris

105 1984 542 2084 degentium
565 2039 588 2075 ,
629 1983 1290 2061 lucubrationibus
1326 1985 1557 2060 fuerit
1591 1985 1985 2059 illustrata.

103 2165 112 2174 -
183 2119 582 2209 Quoniam
643 2143 760 2190 res
821 2143 1128 2218 poscere
1180 2118 1539 2210 videtur‚·
1570 2133 1663 2192 ut
1705 2119 1802 2193 de
1834 2133 2151 2219 auctore

107 2269 353 2329 nostro
397 2254 893 2357 potissimum
936 2252 1205 2355 loquar
1231 2309 1254 2346 ‚
1275 2254 1375 2328 ‘id
1420 2247 1699 2357 paucis
1734 2243 2145 2356 expediam.

105 2392 386 2462 Persius
445 2388 858 2461 Horatium
917 2387 1396 2489 simplicitate
1436 2388 1784 2481 dicendi,
1843 2388 2101 2489 lepore
2125 2446 2146 2481 ,

109 2522 579 2609 urbanitate3
627 2524 788 2593 non
821 2516 1125 2595 videtur
1166 2523 1499 2621 assequi,
1538 2546 1680 2593 nec
1712 2511 2151 2595 juvenalem

109 2652 666 2753 magnificentia
709 2648 1293 2748 sententiarum,
1336 2677 1587 2753 neque
1626 2668 1723 2751 τῇ
1735 2670 2019 2754 πομπικῇ
2052 2658 2155 2727 καὶ

115 2784 492 2887 ammos
521 2785 726 2877 λέξει,
756 2786 930 2881 hac,
962 2792 1319 2888 inquam,
1357 2790 1691 2881 dictione
1721 2762 2150 2889 splendida,

111 2922 539 2997 vehementi
573 2978 595 3011 ,
655 2921 935 3021 tragica
961 2977 981 3012 ,
1043 2942 1214 3021 quae‘
1271 2921 1735 2995 auditorium
1772 2896 2155 3018 -frequqeiis

113 3072 318 3156 atque
367 3078 745 3137 coronam
779 3052 1070 3126 theatri
1125 3046 1507 3161 requirat,
1555 3051 1860 3152 quaque
1902 3050 2193 3128 Venu·'

109 3191 346 3263 sinum
393 3192 708 3289 poetam
755 3212 1106 3288 superare
1147 3167 1453 3260 videtur
1491 3188 1871 3285 Aquinas3
1912 3184 2042 3259 sed
2083 3200 2160 3257 et

109 3322 201 3392 issi
250 3346 578 3421 quoque
624 3344 761 3393 sua
803 3318 968 3391 laus
1023 3334 1158 3391 est.
1219 3319 1517 3393 Persius
1571 3316 1766 3389 celer
1816 3331 1891 3388 et
1938 3340 2157 3416 expe-

113 3453 298 3527 ditus
351 3458 436 3526 in
483 3453 900 3527 scribendo
946 3452 1356 3525 verborum
1404 3442 1953 3572 parcimoniam
1996 3474 2161 3549 gra·
2274 3439 2283 3448 ’

115 3588 322 3659 vitate
374 3582 941 3659 sententiarum
991 3584 1292 3657 abunde
1344 3598 1807 3680 compensat.
1841 3584 2162 3653 Zenonis

122 3744 184 3792 ac
223 3724 653 3796 stoicorum
715 3718 846 3792 dia
902 3719 1102 3791 dicta
1125 3774 1144 3811 ,
1187 3708 1385 3816 stylo
1442 3740 1701 3789 severo
1726 3770 1746 3806 ‚
1792 3739 1952 3790 non
1996 3730 2158 3784 mo-

121 3882 266 3934 roso
309 3874 572 3937 tamen
595 3916 619 3955 ,
667 3852 810 3933 sed
855 3868 1118 3931 contra
1163 3857 1434 3929 ornato
1480 3876 1565 3927 ac
1608 3848 1985 3951 perpolito
2005 3904 2025 3941 ‚
2078 3850 2160 3922 in
