2775 4619
490 463 624 538 Ex
668 471 1120 538 1NcERTo
1169 453 1491 538 SATIR.
1530 426 1861 540 mm
2054 412 2212 542 ,δι”

1031 599 1332 666 XXXI.

212 699 390 756 Luna
418 695 524 754 alit
547 708 776 770 ostrea,
800 665 860 754 et
885 694 1094 774 implet
1115 692 1356 754 echinos
1372 738 1391 768 ,
1414 693 1672 764 muribu'
1696 693 1870 762 fibras

215 796 294 856 Et
320 794 507 872 pecui
537 793 721 852 addit.

928 873 1333 956 ·XXXH.

215 972 362 1055 Une
391 971 572 1030 oculo
592 1013 611 1043 ,
641 970 1010 1051 pedibusque
1041 969 1278 1030 duobus
1298 1014 1316 1042 ,
1345 969 1686 1028 dimidiatus

218 1071 302 1126 Ut
328 1087 574 1147 porcus.

975 1147 1036 1206 X
1053 1150 1113 1208 X
1129 1148 1189 1208 X
1207 1151 1236 1206 Ι
1255 1151 1283 1213 I
1301 1151 1347 1205 Ι.

224 1246 330 1306 Vis
359 1257 456 1306 est
475 1246 593 1305 vita
611 1288 630 1318 ,
649 1244 849 1319 videa,
877 1247 1010 1327 quae
1038 1264 1147 1303 nos
1176 1246 1364 1304 faeere
1397 1245 1593 1304 omnia
1616 1243 1791 1324 cogit.

525 1423 531 1428 Α
992 1345 1052 1400 X
1069 1346 1129 1401 X
1144 1346 1204 1400 X
1220 1345 1248 1403 1
1259 1346 1332 1401 V.

224 1442 503 1520 Nequam
530 1454 589 1500 et
617 1460 862 1521 magnus
888 1439 1070 1501 homo
1088 1484 1104 1512 ‚
1133 1440 1430 1498 laniorum
1457 1437 1715 1496 immani’
1740 1441 1915 1497 canes
1932 1450 2019 1496 ut.

1019 1539 1314 1625 XXXV
1540 1529 1545 1535 ⁴

225 1639 402 1700 Nunc
435 1637 512 1695 ad
541 1649 600 1695 te
626 1635 804 1696 redeo
825 1679 845 1708 a
871 1647 941 1694 ut
968 1656 1102 1715 quae
1126 1655 1218 1694 res
1245 1655 1340 1694 me
1365 1633 1671 1713 impendet
1690 1645 1913 1713 agatur.

996 1736 1056 1791 X
1072 1737 1132 1792 X
1149 1736 1274 1794 XV
1287 1735 1339 1792 Ι.

226 1831 367 1890 Haec
395 1843 458 1890 te
487 1831 819 1890 imbubinat
838 1874 855 1903 ,
878 1843 937 1889 et
962 1842 1165 1890 contra
1191 1843 1248 1888 te
1276 1827 1615 1895 imhulbitat
1637 1827 1757 1886 ille.

975 1931 1035 1986 X
1052 1931 1112 2010 X
1129 1931 1189 1986 X
1201 1931 1256 1986 V
1269 1931 1297 1985 I
1318 1931 1367 1985 Ι.

230 2027 428 2098 Quem
455 2026 770 2105 praeclui-us
791 2025 1000 2105 helops
1016 2069 1034 2097 ‚
1058 2045 1239 2105 quem
1262 2029 1531 2104 Aegypto
1558 2025 1747 2104 sargu’
1769 2021 2043 2082 movebit.

712 2146 718 2153 ·
959 2126 1021 2181 X
1039 2127 1101 2183 X
1119 2124 1243 2184 XV
1257 2125 1286 2180 Ι
1306 2125 1334 2179 Ι
1355 2125 1405 2180 Ι.

231 2223 305 2279 Et
330 2222 590 2302 pedibus
615 2219 759 2280 laeva
786 2219 1055 2299 Sicyonia
1081 2219 1266 2279 demit
1291 2220 1553 2279 honesta.

309 2384 320 2393 ,
992 2322 1054 2376 X
1065 2321 1128 2377 X
1143 2322 1204 2377 X
1220 2322 1252 2377 I
1266 2322 1342 2377 X.
1444 2316 1447 2318 ’

232 2418 410 2477 Suasa
436 2437 680 2498 quoque
707 2418 948 2478 omnino
979 2416 1203 2475 dirimit
1231 2437 1354 2477 non
1384 2416 1531 2475 solla
1558 2416 1848 2497 dupondi.

1102 2519 1165 2575 X
1181 2520 1246 2573 L.

233 2614 506 2692 Nequam
531 2632 743 2671 aurum
771 2624 858 2674 est
874 2656 891 2684 ,
919 2612 1076 2672 auris
1104 2612 1268 2691 quod
1294 2614 1354 2669 vi
1379 2610 1785 2670 vehementius
1806 2609 2009 2674 ambit.

1075 2712 1137 2768 X
1156 2714 1204 2767 L
1221 2712 1271 2767 Ι.

237 2807 422 2867 Sicuti
445 2806 774 2873 mechanici
793 2809 825 2880 ,'
838 2810 977 2865 cum
1007 2806 1128 2866 alto
1159 2807 1443 2865 exsiluere
1469 2817 1753 2885 petam-0„

1051 2906 1111 2961 X
1128 2910 1175 2963 L
1193 2908 1222 2961 I
1241 2904 1288 2961 1.

231 3004 310 3061 Ut
336 3004 600 3083 petimen
621 3022 764 3065 naso
779 3044 797 3074 ‚
821 3015 926 3061 aut
948 3001 1186 3064 lumbos
1210 3000 1523 3064 cervicibu’
1550 3010 1763 3077 tangat.
1829 3022 1833 3027 ·

231 3189 318 3240 31.
345 3192 413 3241 A.
440 3190 770 3250 Gelliusssih.
796 3192 925 3247 XX,
945 3200 1058 3253 cap.
1085 3189 1134 3235 8.
1289 3188 1370 3235 38.
1398 3190 1599 3235 Festus:
1630 3182 1881 3246 Skymnia,
1902 3199 2063 3251 genus
2090 3185 2193 3235 onl-

233 3270 314 3319 32.
337 3274 401 3321 A.
431 3269 653 3330 Gellius,
669 3270 758 3319 uh.
783 3272 885 3329 111,
906 3286 1018 3334 cap.
1054 3276 1134 3324 14·
1217 3268 1475 3321 «acumenti.

233 3349 314 3398 33.
335 3355 500 3403 Varro
514 3386 530 3411 ,
557 3352 618 3401 de
644 3350 788 3417 Ling-
815 3352 918 3399 Lat.
935 3349 1024 3421 lib.
1049 3350 1136 3399 IV.
1245 3372 1250 3377 ·
1289 3353 1374 3415 39.
1394 3354 1593 3399 Festus:
1614 3350 1743 3399 Sallu
1760 3350 1889 3399 Osee
1908 3346 2094 3399 dieitur
2109 3348 2195 3406 id,
2248 3383 2252 3386 -

232 3430 313 3488 34.
331 3434 522 3491 Van-o,
545 3431 608 3481 de
634 3432 778 3497 Ling.
799 3434 908 3481 Lat.
933 3429 1024 3479 lib.
1045 3432 1136 3479 VI.
1219 3432 1358 3499 quod
1370 3442 1639 3481 nostotum
1650 3446 1895 3481 vocamus.
1906 3433 2060 3479 Suasa
2070 3424 2197 3492 quo-

173 3532 236 3543 --
251 3510 401 3561 Canes
428 3523 480 3561 et
505 3511 638 3567 cauis
663 3512 818 3561 idem.
1218 3531 1315 3580 que
1329 3530 1376 3563 o.
1393 3513 1441 3561 d.
1458 3529 1567 3563 non
1586 3512 1768 3561 solla-d.
1785 3512 1841 3561 id
1854 3522 1945 3569 est,
1956 3524 2063 3560 nou
2075 3516 2195 3556 tota.

234 3591 318 3639 35.
343 3598 518 3669 Festus
541 3610 554 3641 ε
585 3595 696 3652 Μ’σρ
723 3610 819 3658 pro
855 3592 997 3641 mihi.
1291 3604 1371 3653 4⁰·
1399 3598 1595 3652 Festus,
1620 3594 1679 3641 in
1697 3608 1822 3642 voce
1850 3604 2077 3654 nequam.

237 3671 316 3719 36.
328 3678 523 3725 Festus:
539 3673 787 3725 Bubinaro
797 3685 870 3723 est
881 3684 1140 3723 menstruo
1291 3684 1323 3733 4
1333 3693 1374 3724 1.
1393 3680 1588 3741 Festus:
1612 3672 1907 3723 Petam-istas
1924 3668 2147 3719 Lucilius
2166 3686 2197 3717 a

172 3750 430 3804 mulierum
455 3756 698 3821 sanguine
731 3757 996 3821 inquinare
1009 3750 1032 3817 ς’
1049 3754 1148 3819 im(
1213 3758 1424 3822 petauro'
1468 3755 1741 3821 appellatos
1794 3750 2075 3801 existimare
2123 3749 2223 3797 vi·'

174 3828 430 3895 balbinam,
465 3846 542 3885 est
577 3836 766 3903 puerili
801 3847 1020 3887 stercore
1055 3836 1138 3885 in·
1220 3838 1378 3886 detur.
1394 3836 1509 3884 Vid.
1529 3834 1714 3885 Juven.
1736 3843 1825 3881 sat.
1848 3833 1989 3889 xlv,
2006 3847 2054 3877 v.
2076 3830 2197 3879 265.

175 3912 393 3970 quinam,
1293 3928 1376 3976 4²·
1404 3922 1604 3966 Festus:
1628 3911 1871 3963 Petimae‘na
1894 3913 1951 3960 in
1978 3911 2198 3962 humeris

237 3992 318 4053 37.
337 3999 539 4047 Festus·
551 3999 768 4078 Sargus,
789 3998 940 4064 pineis
958 4012 1141 4063 genus,
1215 4000 1565 4063 jumentorum
1602 3994 1767 4044 ulcera
1804 4004 1853 4044 et
1890 3992 2072 4060 vulgus
2110 4007 2199 4056 ap·

171 4080 256 4131 2¹¹¹
278 4072 333 4123 in
357 4064 608 4147 Aegyptio
635 4079 762 4129 mari
781 4079 881 4129 fere
905 4078 1142 4128 nascitur.
1220 4077 1386 4143 pellat.
