2775 4619
658 441 798 509 Ex
850 440 1184 509 LIBRO
1243 444 1276 509 1
1337 442 1672 511 SATIR.
1767 442 1774 450 ’
2056 452 2184 531 243

160 596 191 625 α
206 582 421 630 cuntur
440 568 538 629 Dii
562 566 777 628 habere
804 568 1125 627 concilium
1144 612 1162 641 ,
1190 580 1252 627 et
1278 590 1448 648 agere
1470 570 1663 649 primo
1684 570 1760 630 de
1775 568 2016 631 interitu
2034 576 2190 655 Lupi

161 695 191 722 α
206 668 517 745 cujusdam
532 664 751 742 judicis
773 666 887 739 rei,
902 678 1109 749 postea
1130 668 1440 725 sententias
1462 668 1676 727 dicere.
1694 694 1720 723 u
1745 670 1860 728 Sed
1879 670 1994 730 hoc
2010 714 2026 743 ,
2045 674 2190 750 quia

158 766 468 846 indignum
483 778 625 823 -erat
662 764 901 825 heroico
936 765 1189 823 carmine
1204 808 1223 836 ‚
1253 767 1503 825 mutavit
1522 766 1803 845 Virgilius
1821 810 1838 838 ‚
1865 782 1926 827 et
1958 769 2196 829 induxit

156 866 347 945 primo
372 868 582 923 Jovem
613 864 957 941 loquentem
990 862 1065 921 de
1100 862 1444 941 interruptis
1480 862 1800 923 foederibus
1814 909 1831 938 ‚
1865 869 2034 947 cujus
2063 888 2192 928 ora-

162 964 378 1023 tionem
424 962 739 1039 interrupit
774 965 977 1019 Venus
1010 981 1025 1016 t
1070 974 1206 1040 post
1254 974 1454 1020 secuta
1499 964 1749 1023 sunonis
1785 965 1965 1025 verba
2012 979 2149 1025 sunt
2167 1008 2185 1037 ‚

164 1062 376 1139 quibus
402 1044 703 1138 redarguit
725 1062 1036 1118 Venerem.

1147 1154 1197 1213 1.

240 1254 574 1317 Concilium
600 1252 846 1313 summis
870 1252 1183 1313 hominum
1210 1253 1285 1313 de
1305 1253 1483 1313 rebus
1505 1251 1818 1317 habebant.

597 1360 609 1375 ⁸
1128 1354 1159 1408 Ι
1175 1350 1225 1409 1.

236 1440 473 1509 V'ellem
495 1446 748 1507 concilio
777 1429 1037 1507 vestrum
1054 1491 1072 1520 ‚
1096 1448 1261 1529 quod
1288 1448 1484 1507 dicitis
1502 1492 1518 1521 ,
1547 1448 1693 1509 olim

240 1546 571 1619 Coelicolae;
598 1546 814 1607 vellem
832 1590 850 1619 ,
876 1548 1121 1625 inquam
1141 1588 1159 1619 ‚
1183 1546 1596 1606 adfuvissenu’
1625 1546 1820 1627 priore

240 1644 530 1707 Concilio.

1106 1742 1137 1797 Ι
1154 1742 1182 1797 Ι
1200 1740 1249 1797 1.

206 1864 210 1870 ·
238 1840 322 1899 Ut
346 1858 525 1897 nemo
553 1837 627 1896 sit
655 1837 923 1897 nostrum
941 1880 958 1909 ‚
986 1836 1133 1915 quin
1159 1840 1328 1895 Pater
1354 1836 1605 1915 optimn’
1632 1837 1850 1897 Divum
1868 1883 1885 1911 ‚

239 1938 325 1995 Ut
349 1937 654 2015 Neptunu’
678 1938 875 2004 Pater,
900 1933 1076 1993 Liber
1092 1977 1109 2004 ‚
1136 1936 1412 1991 Saturnu’
1436 1938 1634 2004 Pater,
1658 1938 1814 1993 Mars
1831 1977 1848 2007 ,

238 2030 733 2106 sanu²‚Qui14nu’
759 2034 961 2102 Pater,
988 2048 1209 2087 nomen
1236 2029 1469 2088 dicatur
1492 2028 1568 2089 ad
1593 2048 1804 2089 unum.

1120 2130 1150 2184 Ι
1162 2130 1238 2185 V.

254 2266 913 2287 .................
951 2224 1227 2283 Tubulus
1257 2224 1306 2283 si
1335 2224 1554 2282 Lucius
1583 2244 1846 2303 unquam
1864 2270 1880 2299 ‚

242 2325 308 2386 Si
331 2331 575 2404 LupuS‚
603 2336 708 2382 aut
736 2323 924 2382 Carbo
950 2323 1214 2401 Neptuni
1242 2323 1390 2380 filiu’
1417 2323 1602 2382 Divos

242 2424 383 2482 Esse
412 2431 707 2501 putasset,
730 2431 853 2478 tam
880 2419 1133 2499 impius,
1158 2430 1265 2477 aut
1289 2418 1552 2497 perjuru’
1580 2419 1830 2480 fuisset?

1145 2521 1217 2574 V.

244 2621 380 2690 Quo
402 2623 577 2695 pact'o
606 2613 901 2694 populum
926 2625 1105 2692 atque
1130 2612 1343 2670 urbem
1370 2631 1596 2672 servare
1618 2615 1849 2693 potissit

244 2714 511 2794 Ampliu'
537 2717 884 2774 Romanam.

1121 2811 1176 2867 V
1189 2809 1237 2864 Ι.

256 2950 755 2968 .............
782 2908 867 2966 Ut
892 2903 1113 2966 multos
1136 2923 1488 2984 mensesque
1509 2900 1756 2984 diesque
1774 2951 1792 2980 ‚

245 3010 380 3066 Non
410 3019 604 3067 tamen
632 3017 862 3065 aetatem
891 3015 1235 3083 tempestate
1260 2999 1369 3060 hac
1397 2987 1672 3062 scelerosi

246 3109 565 3165 Laetentur.

1104 3185 1158 3241 V
1173 3183 1202 3238 Ῑ
1220 3183 1269 3238 1.
1292 3235 1305 3244 .

248 3284 386 3342 Haec
410 3280 521 3339 ubi
548 3280 705 3338 dicta
735 3279 901 3338 dedit
914 3321 931 3352 ,
956 3297 1201 3358 pausam
1228 3276 1370 3336 facit
1394 3296 1498 3336 ore
1526 3271 1854 3356 loquendis

1074 3379 1131 3434 V
1144 3377 1173 3433 Ῑ
1193 3379 1222 3433 Ι
1239 3377 1287 3432 I.

210 3461 218 3470 ⁸
248 3479 373 3536 Nec
400 3477 450 3535 si
474 3475 809 3535 Carneaden
832 3474 1029 3553 ipsum
1054 3473 1131 3531 ad
1152 3493 1261 3532 nos
1283 3475 1464 3532 Orcu'
1479 3471 1760 3534 remittat.

249 3644 291 3722 i.
309 3673 509 3724 Servius
525 3672 582 3720 in
597 3673 673 3720 lx
688 3669 815 3720 Aen.
834 3683 880 3719 v.
1071 3715 1076 3720 .
1214 3691 1221 3706 ·-
1304 3669 1352 3718 5.
1378 3664 1630 3721 Charisius
1641 3705 1658 3730 ‚
1675 3669 1765 3719 lib.
1785 3672 1875 3720 xl.
1891 3669 2136 3736 Amplius.

244 3770 293 3802 π.
313 3753 423 3804 Jul.
448 3751 751 3802 Rufinianus
763 3751 829 3799 de
846 3748 1021 3816 figuris
1036 3763 1150 3798 sen·-
1298 3750 1349 3798 6.
1375 3752 1630 3811 Donatus,
1647 3752 1705 3800 in
1723 3753 1853 3800 Etm-
1873 3755 2049 3813 act-V,
2068 3769 2136 3802 sc.
2155 3754 2198 3803 5.

174 3835 441 3884 tentiam
466 3843 519 3882 et
546 3832 865 3882 elocutionis·
1304 3844 1350 3892 7.
1368 3832 1594 3881 Nonius.
1579 3849 1593 3860 ·
1611 3835 1778 3881 Pausa
1795 3843 1876 3881 est
1893 3833 2036 3898 quies
2052 3835 2210 3886 alicu·

188 3945 193 3949 -
245 3916 293 3962 3.
313 3916 449 3961 Laet.
462 3911 552 3960 lib.
572 3915 663 3972 IV,
676 3929 787 3978 cap.
810 3913 839 3960 3
854 3945 870 3970 ,
888 3911 1007 3960 Div.
1028 3912 1150 3960 Inst.
1228 3911 1313 3979 jus
1340 3913 1430 3960 rei.

244 4003 291 4051 4.
318 3993 538 4058 Neptuni
558 3993 736 4060 filius,
760 3993 815 4040 id
852 4001 925 4042 est
944 4027 961 4054 ,
987 3993 1151 4055 ἔειπε,
1306 3993 1353 4039 8.
1386 3993 1708 4052 Lactantius,
1743 3993 1834 4042 hh
1869 3997 1936 4059 V,
1969 3996 2209 4094 cap.15,

170 4086 301 4126 auct.
324 4074 489 4126 Gellio
504 4108 520 4137 ‚
536 4074 626 4124 lib.
644 4075 762 4133 XV,
786 4087 868 4122 υ.
1234 4071 1404 4122 Divin.
1433 4074 1553 4120 Inst.

1758 4162 1856 4229 16.
