2775 4619
853 507 1247 575 SATIRA
1315 510 1478 575 111.

867 656 1455 699 ADOLESCERS.

223 724 486 793 Findor
491 772 637 789 .....

843 834 1473 879 ntunosornus.

530 929 621 992 Ut
645 927 933 992 Arcadiae
955 930 1256 1017 pecuaria
1279 926 1516 1001 rudere
1545 927 1785 993 credas.

228 1048 384 1112 Jam
414 1046 614 1126 liber,
645 1060 710 1108 et
740 1044 991 1117 bicolor
1025 1045 1252 1133 positis
1279 1044 1660 1109 membrana
1685 1044 1970 1133 capillis,
2122 1074 2186 1109 ιο

231 1162 457 1249 Inque
488 1182 718 1223 manus
744 1158 982 1223 chartae
997 1207 1015 1241 ,
1045 1158 1422 1247 nodosaque
1448 1159 1629 1221 venit
1653 1158 1927 1224 arundo.
2036 1140 2047 1145 ³

233 1274 434 1338 Tunc
454 1274 781 1361 queritur,
807 1296 1057 1339 crassus
1081 1273 1326 1338 calamo
1349 1272 1533 1361 quod
1554 1273 1832 1362 pendeat
1857 1275 2097 1366 humor
2112 1325 2133 1357 ,

216 1468 277 1519 9.
302 1451 524 1517 Pindon]
544 1438 794 1521 i’riyvuunu
815 1457 886 1519 τῷ
904 1451 1030 1521 χόλῳ
1051 1448 1134 1503 καὶ

138 1538 309 1585 λακῶ.
354 1530 642 1599 Rumpor,
674 1528 988 1603 disrumpor
1030 1530 1135 1581 ira·

145 1607 374 1672 cundiA,
390 1608 574 1678 inquit
587 1605 894 1659 adolescens
907 1626 922 1671 ς
941 1618 996 1659 et
1011 1606 1138 1679 quia

148 1687 222 1741 ad
252 1688 501 1740 laborem
527 1705 644 1747 ,non
683 1699 875 1759 sponte
907 1690 1000 1738 sua
1031 1699 1136 1738 tra·

149 1770 344 1832 him,
368 1765 493 1818 ideo
526 1765 863 1819 iracundiam
898 1786 1049 1818 suam
1083 1766 1140 1817 in

151 1849 397 1902 famulos
439 1860 710 1899 exonerat.
751 1846 808 1898 C.
843 1860 894 1899 et
927 1839 1148 1898 Ri-Uc

155 1931 399 1981 Arc-adice
419 1966 438 1988 ,
479 1941 573 1977 etc.
619 1924 1028 1979 Adolescentem
1071 1927 1144 1977 ir-

157 2004 351 2059 ridens
391 2002 576 2057 subdit
597 2002 812 2056 -doctor
847 2022 861 2054 z
905 2020 960 2054 ut
990 2010 1148 2055 Arca·

159 2088 288 2146 dioe,
308 2099 400 2136 etc.
429 2086 495 2137 In
515 2081 738 2136 Arcadia
761 2096 965 2151 antem,
988 2082 1148 2135 multi

161 2167 459 2239 magnique
497 2164 646 2217 asini.
670 2196 742 2205 ·--
768 2168 972 2216 Radere.
1010 2164 1148 2215 Pro-

164 2250 357 2321 prium
374 2259 454 2298 est
484 2247 638 2318 equis
670 2248 894 2307 hinnire,
919 2246 1148 2299 bovibus

167 2331 391 2398 mugire,
419 2327 580 2379 asinis
611 2340 789 2380 autem
817 2331 1005 2379 rudere.
1032 2330 1094 2378 A.

245 2425 334 2460 ιο.
369 2410 562 2457 ΒίσοΙον
577 2409 748 2474 positis
763 2410 1047 2457 membrana
1065 2425 1150 2456 ca·

162 2491 338 2557 pinta]
351 2487 664 2540 Membrana
677 2487 976 2539 utebantur
992 2485 1154 2559 pueri

171 2567 428 2633 inludis,
456 2585 569 2620 non
593 2568 726 2620 ceris
755 2580 809 2620 et
833 2569 1005 2640 stylo;
1033 2585 1153 2640 quae

175 2647 316 2700 ratio
355 2643 628 2698 scribendi
665 2643 968 2716 expeditior
1005 2656 1118 2697 erat
1137 2683 1154 2708 ‚

177 2741 240 2780 ut
279 2727 528 2780 observat
568 2725 893 2790 Quintilian.
932 2726 1028 2777 lib.
1069 2725 1120 2776 X
1138 2763 1154 2789 ,

179 2825 294 2881 cap.
312 2808 360 2860 3.
378 2805 520 2860 Vide
533 2808 727 2859 Juven.
746 2819 843 2859 sat.
860 2807 990 2869 VII,
1003 2827 1051 2858 v.
1069 2806 1156 2858 23.

180 2891 465 2948 &Bia-olor,
478 2887 606 2958 quia
619 2905 740 2958 pars
754 2887 1074 2938 membranae
1091 2890 1163 2936 in·

184 2974 350 3030 terior,
374 2985 497 3040 quae
515 2981 719 3040 spectat
735 2987 973 3030 carnem,
995 2979 1072 3018 est
1093 2967 1164 3020 al·-

185 3048 338 3112 hida3
358 3063 412 3102 et
427 3067 553 3119 pars
571 3051 787 3099 exterior
804 3049 857 3100 in
882 3067 988 3119 qua
1007 3067 1166 3120 appa-

186 3143 311 3184 rent
326 3133 520 3197 capilli,
539 3128 599 3180 id
627 3142 734 3192 est,
757 3131 869 3196 pili,
897 3144 976 3182 est
998 3129 1162 3182 modo

187 3212 455 3284 nigricans
470 3247 488 3274 ‚
515 3211 676 3261 modo
701 3207 1007 3263 flavescens.
1028 3209 1083 3260 F.
1099 3211 1162 3260 D.

1291 1467 1377 1501 11.
1416 1452 1569 1515 Inque
1601 1467 1774 1501 manus
1800 1452 2047 1523 pharez]
2087 1456 2193 1507 Re-

1215 1541 1401 1599 pertus
1416 1530 1609 1585 chartae
1624 1549 1750 1585 usus
1764 1530 1865 1583 sub
1875 1532 2197 1597 Alexandro,

1219 1622 1352 1660 teste
1387 1608 1656 1683 Varrone.
1678 1641 1749 1650 —
1768 1616 1995 1663 Arundo.
2036 1612 2199 1667 Vete-

1219 1703 1303 1737 res
1327 1682 1594 1739 arundine
1619 1687 1933 1759 pingebant.
1956 1688 2199 1754 Persius,

1220 1764 1434 1817 variatis
1467 1766 1811 1831 nominibus,
1841 1768 2202 1837 arundinem,

1221 1844 1486 1896 calamum
1503 1882 1519 1908 ‚
1544 1844 1775 1897 fistulam
1797 1884 1812 1910 ‚
1833 1863 2005 1901 vocat.
2029 1849 2090 1901 P.

1303 1941 1386 1974 12.
1432 1928 1564 1974 Tunc
1610 1928 1885 1997 queritur-,J
1930 1926 2204 1981 Desidiam

1227 2002 1282 2053 in
1305 2000 1577 2073 surgendo
1597 2015 1649 2055 et
1668 2002 1949 2057 mollitiem
1964 2008 2206 2071 notavit3

1227 2100 1376 2133 nunc
1402 2081 1787 2135 lentitudinem
1812 2084 1871 2137 in
1898 2085 2168 2140 studendo
2187 2123 2207 2151 ,

1230 2165 1285 2216 e't
1327 2164 1697 2237 ἀποπροθυμίαν
1737 2167 1925 2237 carpit.
1962 2168 2068 2220 Per
2108 2170 2210 2223 ista

1229 2254 1410 2295 autem
1450 2261 1569 2316 quae
1613 2244 1733 2295 fieri
1765 2246 1931 2317 vulgo
1972 2249 2143 2300 solent
2180 2268 2210 2301 a

1227 2325 1414 2398 pueris
1433 2324 1580 2398 apud
1609 2327 1922 2398 magistrum
1941 2367 1958 2392 ,
1983 2329 2215 2404 intelligi

1231 2405 1432 2457 debent
1448 2406 1628 2458 omnia
1648 2425 1769 2478 quae
1786 2424 2085 2479 praetexere
2103 2407 2215 2463 uio-

1232 2487 1306 2538 ris
1354 2499 1433 2538 est
1474 2488 1756 2558 juventuti
1804 2487 2075 2544 dissolutae
2099 2529 2117 2554 ,
2154 2487 2217 2546 'et

1233 2565 1409 2618 studia
1450 2567 1749 2622 litterarum
1789 2570 2111 2638 fastidienti3
2145 2569 2215 2626 ad

1237 2667 1355 2720 quae
1376 2648 1710 2720 respondent
1734 2648 1971 2724 magistri
1995 2672 2093 2723 per
2111 2653 2217 2729 hoc

1239 2727 1448 2779 triviale
1466 2728 1821 2799 proverbium
1842 2730 2093 2802 gallicum
2113 2751 2125 2781 :
2150 2752 2218 2781 un

1239 2812 1455 2859 rnauvais
1479 2813 1667 2859 ouvrier
1684 2831 1746 2860 ne
1772 2825 1935 2872 trouve
1949 2815 2137 2879 jamnis
2157 2816 2219 2862 dc

1245 2892 1362 2938 bons
1381 2892 1536 2939 outils.
1552 2891 1943 2941 A.—-·Crassus....
1954 2885 2225 2958 quodpenss

1242 2973 1358 3018 deat
1369 2971 1557 3018 Ιιιιηιον.
1567 2969 1691 3020 Non
1708 2967 1844 3021 fluat
1859 2981 2222 3024 atramentum

1244 3068 1273 3100 e
1317 3047 1519 3102 calamo
1546 3087 1561 3111 ‚
1603 3060 1657 3100 et
1712 3050 1862 3121 quasi
1909 3049 2222 3126 pendulum

1243 3129 1442 3180 haereat
1469 3166 1485 3192 ‚
1519 3129 1590 3179 ob
1637 3129 1860 3182 nimiam
1905 3132 2217 3184 crassitiem.

1928 3210 1993 3263 C.
2016 3225 2069 3265 et
2085 3211 2149 3265 P.

262 3359 327 3405 V.
357 3371 406 3418 9.
437 3354 722 3404 lindum...
757 3357 820 3401 Ue
839 3389 854 3414 ,
891 3365 979 3402 etc.
1011 3358 1087 3403 Ita
1121 3365 1219 3404 vet.
1251 3354 1413 3403 schol.
1454 3353 1571 3412 edit.
1604 3356 1810 3415 Aldina,
1859 3358 1992 3406 1535
2009 3393 2022 3417 ,
2052 3373 2225 3407 omnes

194 3436 340 3488 codd.
379 3434 684 3498 antiquiores
700 3467 718 3493 ‚
749 3443 804 3482 et
841 3435 956 3482 cod.
1009 3444 1194 3484 noster.
1240 3421 1320 3482 Δι’
1351 3445 1453 3481 tros
1497 3434 1642 3481 codd.
1692 3438 1981 3498 posterioris
2022 3438 2222 3494 saeenli,

197 3528 246 3566 et
277 3515 534 3566 nonnulla
570 3514 712 3569 editt.
747 3515 922 3578 priscae
957 3516 1056 3561 XV
1089 3511 1260 3562 saeculi
1289 3515 1488 3578 legunt,
1513 3514 1733 3582 finditur
1768 3516 2065 3568 Archadioe.
2098 3531 2223 3576 em,-

197 3609 253 3646 ut
278 3600 378 3648 sint
399 3595 552 3644 verbu
579 3595 800 3660 magistri
827 3595 1095 3644 irridentis.
1127 3598 1236 3644 Hoc
1267 3611 1415 3644 sensu
1441 3631 1455 3655 ,
1474 3596 1622 3644 verba
1644 3595 1863 3663 finditur
1892 3599 2073 3645 Arcad.
2100 3600 2226 3663 jun-

201 3679 353 3746 gundn
377 3685 500 3730 sunt
531 3675 902 3741 supet-inritam,
933 3676 1164 3740 aer-gewis
1196 3675 1362 3724 ‘vitrea
1398 3675 1505 3723 bilis
1520 3694 1541 3733 ,·
1570 3687 1621 3724 et
1651 3687 1724 3724 est
1746 3693 1919 3725 sensus
1942 3695 1953 3723 :
1983 3679 2016 3725 J
2018 3680 2223 3728 avenis:

205 3761 344 3810 ocius
369 3759 504 3807 adsit
527 3757 624 3806 Ima
654 3757 932 3822 aliquish...
964 3757 1169 3805 Memon'
1179 3764 1206 3805 Ρ
1223 3759 1472 3823 Magister:
1498 3759 1747 3822 Thr-guse&
1770 3759 1935 3806 vitrea
1960 3757 2065 3806 bilis
2081 3778 2101 3808 .·
2117 3761 2225 3829 fin-

203 3842 332 3892 ditm·
346 3856 366 3888 .·
397 3838 634 3894 Arcadia
663 3837 902 3902 pecuaria
937 3837 1114 3885 rudere
1151 3839 1333 3890 credas.
1372 3839 1490 3887 Non
1528 3837 1655 3885 male
1692 3837 1805 3884 fluit
1843 3839 1932 3885 ista
1974 3838 2139 3887 lectio.
2154 3866 2227 3880 --·

207 3922 392 3973 Credas.
407 3923 484 3974 Ita
499 3929 598 3970 vot.
613 3919 770 3970 schol.
783 3919 900 3968 cod.
915 3919 972 3968 η’
989 3920 1122 3967 8050
1135 3953 1150 3977 ‚
1169 3930 1218 3966 et
1232 3929 1330 3968 tres
1347 3919 1451 3967 alii.
1470 3919 1645 3968 Coeteri
1658 3953 1672 3977 ,
1692 3928 1740 3965 et
1753 3919 1864 3966 eod.
1880 3929 2062 3982 noster,
2078 3921 2227 3971 dicas.

271 4004 334 4048 V.
375 4017 434 4048 12
465 4010 516 4048 ot
551 4008 632 4057 ¹4·
665 3999 1074 4062 Queritur..Vet.·.
1090 3999 1245 4046 schol.
1282 4009 1332 4045 et
1363 3997 1640 4048 Colbertini
1666 3997 1768 4044 duo
1784 4032 1799 4057 ‚
1823 3999 1847 4045 1
1868 4008 1919 4045 et
1942 4001 1995 4046 11
2009 4031 2023 4057 ς,
2046 4000 2229 4049 hahent

207 4083 452 4148 querimur
470 4097 488 4128 .·
516 4081 590 4130 ita
622 4089 676 4127 et
706 4087 804 4131 tres
833 4077 948 4136 alii3
971 4093 1122 4142 qnam
1153 4077 1423 4136 lectionem
1458 4077 1645 4140 recepit
1676 4077 2019 4142 Casaubqnus.
2055 4081 2233 4133 Caeteri

211 4179 370 4212 omnen
389 4161 633 4226 queritur.
657 4159 935 4222 Utrumque
957 4157 1088 4206 bene
1107 4175 1157 4206 se
1173 4157 1340 4207 habet.
1367 4157 1490 4206 Cod.
1520 4165 1714 4217 noster,
1739 4157 1979 4225 queritur²

1810 4233 1869 4298 5.
