2775 4619
137 302 2162 337 mmmmmmmmmmmmmm

944 347 954 361 ν

474 497 927 649 ΙΙΑΝΙ
1034 436 1820 672 DOUS‘AE

782 742 1508 817 NORDOVICIS

190 987 398 1091 AD
500 895 1325 1124 SULPICIAE
1420 974 2108 1081 SATIRAM

694 1131 1680 1312 SCHED‘IA‘SMAq

142 1646 575 1752 Summus
617 1690 860 1752 Poe‘triae
902 1693 1180 1753 Romanae
1224 1692 1458 1752 satiram
1478 1733 1495 1762 ‚
1525 1710 1660 1770 quae
1704 1690 1780 1749 de
1817 1690 2012 1749 edicto
2051 1692 2180 1749 Do-

145 1790 372 1847 mitiani
407 1788 745 1849 inscribitur
763 1834 780 1862 ‚
808 1790 886 1849 ad
921 1791 1101 1849 finem
1140 1791 1471 1849 novissimae
1509 1789 1866 1847 Petronianae
1907 1787 2182 1847 editionis

31 1884 35 1891 ’
144 1906 467 1966 appensam
493 1929 510 1957 ‚
556 1888 939 1964 percursitare
992 1887 1183 1945 obiter
1227 1900 1338 1945 stat
1387 1887 1670 1945 sententia
1700 1906 1714 1941 z
1762 1885 1913 1943 facto
1961 1886 1986 1963 (
2018 1884 2184 1963 quod

145 1980 377 2042 bonum
406 1984 548 2061 siet)
577 1984 651 2042 ab
682 1984 823 2062 ipsis
852 2004 1041 2063 usque
1069 1985 1399 2043 carceribus
1433 1983 1717 2061 auspicio.
1747 1982 1846 2043 Sic
1878 1983 2057 2061 igitur
2081 1982 2188 2041 illa

27 2120 29 2127 ·
143 2080 442 2159 condigna
464 2080 680 2139 Caleno
707 2082 965 2161 conjux:

143 2212 334 2280 Vers.
364 2238 391 2277 1
405 2264 419 2278 .
436 2214 623 2279 Musa
636 2264 655 2297 ‚
671 2214 913 2303 quibus
924 2217 1215 2281 numeris
1237 2216 1468 2281 heroas
1489 2231 1556 2281 et
1579 2238 1758 2279 arma
1770 2212 2184 2303 frequentas]

224 2353 593 2426 Frequentas
606 2393 628 2421 ‚
664 2370 773 2428 pro
815 2353 1181 2408 concelebras
1205 2396 1225 2422 ‚
1260 2350 1510 2430 proinde
1555 2363 1624 2408 ut
1663 2353 1846 2409 Carus
1884 2347 2154 2428 loquitur
2168 2390 2188 2420 ‚

145 2443 268 2504 hoc
304 2458 393 2503 est
413 2489 430 2518 ,
465 2445 724 2505 celebres
748 2447 1065 2505 concinnas
1080 2489 1098 2518 ,
1120 2448 1440 2526 reddisque
1466 2448 1785 2508 honoratos
1811 2465 1886 2506 ac·
1907 2447 2183 2526 insignes.

142 2599 205 2642 v.
259 2601 319 2641 2.
369 2576 699 2642 Fabellam
732 2578 1035 2667 permitte
1062 2580 1226 2644 mihi
1261 2580 1560 2646 detexere
1588 2579 1876 2669 paucis}

228 2709 545 2788 Eleganter
584 2729 721 2768 sane
736 2755 753 2782 ‚
787 2731 897 2789 pro
917 2725 1230 2786 pertexere
1245 2756 1262 2784 ‚
1296 2724 1355 2770 et
1394 2712 1470 2770 ad
1509 2712 1789 2770 exodium
1829 2731 2019 2791 usque
2049 2733 2192 2791 per-

146 2809 373 2869 ducere
389 2851 406 2878 ‚
442 2819 648 2886 estque
686 2809 1029 2888 metaphora
1066 2829 1103 2867 a
1140 2809 1258 2868 tela
1275 2852 1291 2882 ‚
1317 2810 1395 2868 ad
1421 2811 1508 2868 rei
1534 2810 1831 2889 patrandae
1857 2810 2190 2870 eonsilium.

146 2906 450 2983 Titinnius
475 2905 793 2964 Fullonib..

516 3023 645 3085 Quae
659 3057 675 3081 ‚
700 3023 839 3071 inter
863 3023 1034 3072 decem
1059 3039 1219 3082 mos
1230 3057 1247 3084 ‚
1274 3025 1496 3090 nequisti
1526 3039 1682 3073 unam
1707 3034 1876 3092 togam
1895 3023 2143 3072 detexen-

149 3125 332 3187 Adde
360 3147 397 3186 a
421 3126 651 3186 comico
678 3141 880 3186 nostro
906 3149 921 3185 t

522 3245 697 3308 Neque
724 3245 945 3294 exordiri
969 3247 1189 3312 primum
1216 3247 1354 3296 uude
1383 3247 1601 3312 occipias
1616 3284 1632 3308 ‚
1657 3246 1813 3300 habes
1826 3283 1844 3311 ‚

518 3327 695 3390 Neque
725 3325 789 3373 ad
818 3323 1159 3376 detexundam
1190 3330 1339 3377 telam
1366 3339 1532 3378 certos
1556 3331 1819 3380 terminos.

153 3417 481 3508 Pergamus
508 3448 647 3486 cum
678 3430 973 3508 Sulpicia:

150 3585 219 3628 v.
279 3585 386 3628 10.
430 3563 936 3750 }uned'quiljms
968 3567 1307 3657 princeps,
1344 3584 1411 3634 et
1447 3567 1904 3635 facundissima
1929 3569 2154 3652 οειΙΙεε,

534 3684 643 3750 gre
691 3684 792 3726 ior

240 3783 408 3856 Quid
436 3786 554 3842 hoc
580 3785 693 3844 sihi
715 3785 867 3844 velle
903 3787 1133 3861 dicam,
1161 3791 1394 3850 nescio·
1379 3837 1392 3848 .
1421 3793 1572 3852 nihil
1597 3796 1757 3852 enim
1781 3794 2040 3874 ineptius
2059 3837 2079 3866 ‚
2107 3795 2204 3854 in-

154 3880 473 3963 digniusve
500 3881 649 3944 adeo
672 3881 958 3944 laudabili
977 3905 1045 3944 ac
1066 3887 1403 3966 pei-erudita
1423 3890 1699 3970 Sulpiciae
1722 3893 1909 3971 gentis
1926 3891 2168 3953 heroide
2181 3936 2200 3965 ,

1772 4011 1796 4052 ¹
1811 3993 1854 4069 4
