2775 4619
704 489 833 556 228
1080 489 1155 554 C.
1213 486 1610 554 LUCILII
1666 485 2303 556 FRAGMENTA

1629 617 1659 670 1
1676 615 1705 670 1
1725 615 1776 670 1.
2164 669 2174 678 .

781 713 1054 771 Graecum
1084 723 1142 771 te
1160 754 1178 784 ,
1208 710 1418 770 Albuti
1432 753 1450 785 ‚
1479 730 1663 789 >quam
1688 713 2025 778 Romanum
2049 723 2228 792 atque
2254 711 2533 780 Sabinum,

776 808 1144 887 Municipem
1167 809 1341 867 Ponti
1356 851 1375 880 ‚
1402 809 1576 878 Titii,
1603 809 1763 867 Anni
1787 810 2214 869 centurionum
2230 853 2249 881 ‚

679 937 686 950 r
775 907 1196 966 Praeclarorum
1224 904 1537 965 hominum
1552 947 1571 976 ‚
1598 925 1666 964 ac
1695 904 2058 984 primorum3
2090 907 2521 986 signiferumque

774 1003 1038 1064 Maluisti
1065 1003 1214 1061 dici:
1241 1007 1444 1062 Graece
1470 1022 1640 1082 ergo,
1660 1007 1879 1062 Praetor
1902 1003 2149 1062 Athenis
2163 1048 2183 1077 ‚

777 1102 849 1160 Id
877 1101 1042 1180 quod
1073 1099 1365 1170 maluisti,
1391 1110 1449 1178 te
1466 1143 1483 1172 ,
1514 1100 1654 1158 cum
1678 1100 1754 1158 ad
1783 1121 1880 1159 me
1906 1101 2143 1174 accedi’,
2170 1103 2359 1161 saluto
2384 1123 2399 1159 τ

779 1201 936 1268 Χαῖρε
965 1197 1280 1276 (inquam)
1309 1198 1476 1257 Tite:
1506 1197 1739 1256 lictores
1754 1241 1773 1270 ‚
1799 1211 1994 1257 turma
2020 1187 2547 1278 omni’‚‘cohors‹1ue

777 1298 934 1366 Χαῖρε
951 1331 969 1359 ,
999 1291 1140 1351 hinc
1162 1283 1350 1352 hostis
1375 1293 1532 1352 Muti
1560 1293 1873 1366 Albutius3
1898 1294 2038 1354 hinc
2063 1295 2358 1374 inimicus.

1543 1412 1558 1429 ⁰
1650 1393 1765 1453 IV.

776 1489 970 1561 Quam
995 1485 1194 1564 lepide
1220 1485 1401 1545 lexeis
1426 1501 1744 1566 compostae
1758 1490 1785 1545 P
1808 1500 1875 1548 ut
1902 1487 2201 1548 tesserulae
2228 1509 2453 1560 omnes,

776 1588 916 1645 Arte
933 1629 950 1658 ,
981 1583 1345 1663 pavimento,
1373 1595 1552 1662 atque
1578 1584 1928 1646 emblemate
1948 1586 2375 1646 vermiculato?

1395 1743 1399 1748 ,
1675 1685 1751 1742 V.

777 1783 1052 1840 Crassum
1076 1779 1266 1840 habeo
1299 1767 1583 1858 generum
1596 1819 1615 1851 ,
1637 1799 1713 1838 ne
1740 1779 2179 1842 rhetoricotero'
2210 1793 2279 1840 tu
2301 1783 2392 1844 sis.

1648 1881 1702 1936 V
1715 1879 1763 1934 Ι.

789 2013 1641 2035 ......................
1676 1973 1973 2032 Comeliu'
2002 1974 2234 2034 Pobliu’
2260 1988 2453 2034 noster

777 2072 1076 2152 Scipiades
1101 2069 1296 2130 dictus
1312 2115 1329 2144 ‚
1353 2082 1709 2150 tempusque
1730 2071 2029 2150 intorquet
2052 2072 2116 2130 in
2142 2073 2339 2152 ipsum

776 2171 880 2231 oti
903 2183 962 2228 et
984 2168 1211 2228 deliciis
1227 2212 1245 2241 ‚
1271 2169 1419 2226 Luci
1447 2168 1655 2227 effictae
1670 2211 1687 2240 ‚
1710 2180 1889 2247 atque
1914 2170 2161 2229 cinaedo.

775 2269 855 2328 Et
881 2267 1152 2327 sectatori
1175 2266 1323 2325 adeo
1349 2265 1462 2345 ipsi
1488 2285 1597 2325 suo
1616 2311 1632 2339 ‚
1664 2286 1786 2345 quo
1815 2268 2019 2326 rectiu’
2044 2267 2235 2340 dicas»,

776 2366 910 2426 Ibat
937 2366 1090 2424 forte
1116 2365 1364 2423 domum
1391 2386 1407 2423 ε
1436 2364 1741 2442 sequimur
1764 2365 1940 2425 multi
1963 2378 2142 2445 atque
2168 2367 2513 2445 frequentes.

1274 2520 1279 2525 .
1624 2466 1679 2520 V
1692 2464 1723 2519 1
1742 2463 1789 2520 1.

780 2566 922 2635 Quo
938 2560 1180 2621 facetior
1199 2559 1434 2619 videare
1456 2601 1473 2629 ,
1498 2570 1557 2617 et
1584 2556 1733 2617 scire
1755 2558 1893 2638 plus
1920 2557 2101 2639 quam
2127 2562 2323 2620 caeteri
2340 2605 2358 2635 ,

779 2659 1070 2722 Pertisum
1095 2658 1399 2717 hominem
1414 2700 1433 2731 ,
1456 2672 1577 2717 non
1596 2668 1894 2736 pertesum
1920 2654 2113 2717 dicere
2137 2659 2365 2717 ferunt:

1604 2839 1660 2893 V
1672 2838 1701 2893 Ῑ
1720 2838 1749 2893 I
1768 2840 1819 2894 Ῐ.

785 2935 984 3011 Quid?
1012 2932 1230 2997 Decius
1244 2976 1262 3009 ,
1285 2932 1580 2995 Nuculam
1598 2976 1615 3005 ‚
1632 2954 1717 2991 -an
1740 2934 2039 2993 confixum
2060 2935 2149 2993 vis
2172 2934 2397 2995 facere?
2417 2934 2607 3016 inquit.

1657 3033 1688 3088 I
1704 3033 1782 3089 X.

681 3192 684 3197 ,
787 3133 942 3191 Nam
969 3130 1018 3187 si
1046 3141 1116 3188 tu
1143 3126 1360 3189 fluctus
1387 3128 1695 3217 undasque
1722 3148 1757 3187 e
1782 3130 2013 3209 gurgite
2040 3130 2192 3189 salso

786 3228 1023 3289 Tollere
1050 3226 1302 3285 decreris
1322 3271 1340 3299 ,
1368 3238 1611 3285 ventum
1637 3226 1801 3304 prius
1828 3228 2182 3301 Haematium
2210 3240 2278 3287 tu

786 3329 1087 3397 Ventum,
1115 3324 1361 3403 inq-uam
1383 3368 1402 3395 ‚
1430 3322 1605 3382 tollas
1634 3334 1675 3381 t.
1708 3342 1761 3381 c.
1790 3344 1848 3401 q.
1877 3324 1916 3381 i.
1944 3322 1986 3384 1.

1682 3422 1764 3478 X.

794 3525 1170 3581 Armamenta
1196 3532 1425 3589 tamen,
1448 3517 1673 3577 malum
1688 3561 1707 3591 ,
1734 3516 1864 3576 vela
1894 3519 2093 3576 omnia
2118 3536 2325 3593 εει-νος

791 3712 841 3761 3.
863 3710 1061 3766 Cicero,
1085 3705 1148 3753 de
1169 3705 1332 3753 Finib.
1350 3705 1531 3753 bonor.
1548 3704 1639 3754 lib.
1653 3706 1695 3754 1.
1812 3706 1816 3711 ’
1848 3722 1900 3767 7.
1919 3708 2091 3753 Festus
2109 3722 2123 3753 ε
2142 3703 2381 3754 Perti-mm
2393 3680 2689 3772 nonpefiesum

761 3834 766 3841 .
791 3802 829 3849 4
857 3802 906 3839 et
936 3791 983 3838 5.
1013 3789 1117 3837 Cic.
1148 3786 1210 3834 de
1241 3789 1479 3845 Oratore,
1504 3787 1577 3834 lib
1604 3788 1693 3836 111.
1776 3783 2011 3833 dixerunt
2027 3785 2265 3850 Antiqui.
2699 3802 2700 3823 l

795 3872 848 3918 6.
891 3874 1071 3918 Festus
1101 3884 1114 3915 ε
1155 3870 1346 3916 Scurrae
1394 3866 1701 3915 vocabulum
1853 3868 1902 3914 8.
1931 3868 2107 3915 Cicero
2126 3900 2140 3926 ,
2164 3867 2256 3915 lib.
2274 3870 2353 3928 11,
2374 3868 2439 3919 de
2458 3872 2649 3919 Oratore.
2699 3884 2700 3937 3

718 3952 932 4005 ..Verrius
966 3947 1272 4014 ineptissime
1307 3956 1397 3995 aut
1425 3964 1489 3995 ex
1524 3949 1701 3996 Graeco
1853 3962 1904 4009 9.
1930 3946 2097 3995 Julius
2116 3945 2445 4009 Rufinianus,
2462 3950 2524 3998 de
2540 3944 2700 4013 Figuris-³

723 4041 940 4082 tractum
987 4030 1086 4089 ait,
1123 4027 1266 4093 quod
1308 4038 1386 4075 est
1426 4028 1697 4097 σκοροάζειν
1854 4044 1937 4076 10.
1976 4028 2177 4105 Nonius
2202 4046 2215 4076 ε
2242 4031 2524 4095 Anquinae,
2554 4024 2700 4101 viucultl

727 4114 868 4183 (lege
895 4110 1162 4181 συγκυρεῖγ.
1177 4108 1200 4179 )
1217 4142 1238 4170 r
1257 4118 1346 4162 aut
1377 4124 1409 4159 a
1432 4108 1699 4174 sequendo.
1780 4108 1968 4177 quibus
1992 4117 2227 4167 antennae
2248 4120 2503 4165 tenentur.
