<?xml version="1.0" encoding="UTF-8"?>
<!DOCTYPE html PUBLIC "-//W3C//DTD XHTML 1.0 Transitional//EN"
    "http://www.w3.org/TR/xhtml1/DTD/xhtml1-transitional.dtd">
<html xmlns="http://www.w3.org/1999/xhtml" xml:lang="en" lang="en">
 <head>
  <title>
</title>
<meta http-equiv="Content-Type" content="text/html;charset=utf-8" />
  <meta name='ocr-system' content='tesseract 3.04.00' />
  <meta name='ocr-capabilities' content='ocr_page ocr_carea ocr_par ocr_line ocrx_word'/>
</head>
<body>
  <div class='ocr_page' id='page_1' title='image "aulipersiiflacc00achagoog_0177.png"; bbox 0 0 2775 4619; ppageno 0'>
   <div class='ocr_carea' id='block_1_1' title="bbox 925 449 1483 545">
    <p class='ocr_par' dir='ltr' id='par_1_1' title="bbox 925 449 1483 545">
     <span class='ocr_line' id='line_1_1' title="bbox 925 449 1483 545; baseline -0.004 -25"><span class='ocrx_word' id='word_1_1' title='bbox 925 449 1333 520; x_wconf 73' lang='lat' dir='ltr'><strong>SA&#39;rlRA</strong></span> <span class='ocrx_word' id='word_1_2' title='bbox 1396 453 1483 545; x_wconf 61' lang='lat' dir='ltr'><strong>V„</strong></span> 
     </span>
    </p>
   </div>
   <div class='ocr_carea' id='block_1_2' title="bbox 2112 451 2235 520">
    <p class='ocr_par' dir='ltr' id='par_1_2' title="bbox 2112 451 2235 520">
     <span class='ocr_line' id='line_1_2' title="bbox 2112 451 2235 520; baseline -0.016 0"><span class='ocrx_word' id='word_1_3' title='bbox 2112 475 2141 520; x_wconf 82' lang='lat'>1</span> <span class='ocrx_word' id='word_1_4' title='bbox 2154 451 2235 520; x_wconf 74' lang='lat'><strong>33</strong></span> 
     </span>
    </p>
   </div>
   <div class='ocr_carea' id='block_1_3' title="bbox 271 575 1967 782">
    <p class='ocr_par' dir='ltr' id='par_1_3' title="bbox 271 575 1967 782">
     <span class='ocr_line' id='line_1_3' title="bbox 271 575 1914 666; baseline -0.001 -22"><span class='ocrx_word' id='word_1_5' title='bbox 271 579 449 644; x_wconf 68' lang='lat' dir='ltr'><strong>Cum</strong></span> <span class='ocrx_word' id='word_1_6' title='bbox 475 594 619 643; x_wconf 85' lang='lat' dir='ltr'><strong>rota</strong></span> <span class='ocrx_word' id='word_1_7' title='bbox 650 577 972 666; x_wconf 83' lang='lat' dir='ltr'><strong>posterior</strong></span> <span class='ocrx_word' id='word_1_8' title='bbox 996 583 1215 642; x_wconf 78' lang='lat' dir='ltr'><strong>curras</strong></span> <span class='ocrx_word' id='word_1_9' title='bbox 1230 625 1249 658; x_wconf 90' lang='lat'><strong>,</strong></span> <span class='ocrx_word' id='word_1_10' title='bbox 1274 593 1339 642; x_wconf 86' lang='lat' dir='ltr'><strong>et</strong></span> <span class='ocrx_word' id='word_1_11' title='bbox 1365 577 1435 640; x_wconf 89' lang='lat' dir='ltr'><strong>in</strong></span> <span class='ocrx_word' id='word_1_12' title='bbox 1462 575 1914 642; x_wconf 78' lang='lat' dir='ltr'><strong>axe-secundo.</strong></span> 
     </span>
     <span class='ocr_line' id='line_1_4' title="bbox 276 691 1967 782; baseline 0.001 -26"><span class='ocrx_word' id='word_1_13' title='bbox 276 693 614 768; x_wconf 78' lang='lat' dir='ltr'><strong>Libertate</strong></span> <span class='ocrx_word' id='word_1_14' title='bbox 639 708 963 782; x_wconf 84' lang='lat' dir='ltr'><strong>opus-est:</strong></span> <span class='ocrx_word' id='word_1_15' title='bbox 992 713 1125 757; x_wconf 89' lang='lat' dir='ltr'><strong>non</strong></span> <span class='ocrx_word' id='word_1_16' title='bbox 1149 693 1272 756; x_wconf 65' lang='lat' dir='ltr'><strong>hac</strong></span> <span class='ocrx_word' id='word_1_17' title='bbox 1287 739 1307 774; x_wconf 89' lang='lat'><strong>,</strong></span> <span class='ocrx_word' id='word_1_18' title='bbox 1333 707 1411 755; x_wconf 89' lang='lat' dir='ltr'><strong>ut</strong></span> <span class='ocrx_word' id='word_1_19' title='bbox 1438 691 1712 780; x_wconf 85' lang='lat' dir='ltr'><strong>quisque</strong></span> <span class='ocrx_word' id='word_1_20' title='bbox 1732 691 1967 758; x_wconf 65' lang='lat' dir='ltr'><strong>Velina</strong></span> 
     </span>
    </p>
   </div>
   <div class='ocr_carea' id='block_1_4' title="bbox 183 874 1189 3847">
    <p class='ocr_par' dir='ltr' id='par_1_4' title="bbox 183 874 1182 1810">
     <span class='ocr_line' id='line_1_5' title="bbox 183 874 1170 932; baseline -0.005 0"><span class='ocrx_word' id='word_1_21' title='bbox 183 891 323 932; x_wconf 85' lang='lat' dir='ltr'><strong>erat.</strong></span> <span class='ocrx_word' id='word_1_22' title='bbox 351 874 492 931; x_wconf 80' lang='lat' dir='ltr'><strong>Ideo</strong></span> <span class='ocrx_word' id='word_1_23' title='bbox 517 888 738 930; x_wconf 77' lang='lat' dir='ltr'><strong>notatus</strong></span> <span class='ocrx_word' id='word_1_24' title='bbox 770 875 862 929; x_wconf 85' lang='lat' dir='ltr'><strong>hic</strong></span> <span class='ocrx_word' id='word_1_25' title='bbox 891 875 1046 928; x_wconf 88' lang='lat' dir='ltr'><strong>locus</strong></span> <span class='ocrx_word' id='word_1_26' title='bbox 1077 893 1170 928; x_wconf 83' lang='lat' dir='ltr'><strong>an·</strong></span> 
     </span>
     <span class='ocr_line' id='line_1_6' title="bbox 186 953 1168 1029; baseline -0.005 -19"><span class='ocrx_word' id='word_1_27' title='bbox 186 957 360 1029; x_wconf 80' lang='lat' dir='ltr'><strong>tiquis</strong></span> <span class='ocrx_word' id='word_1_28' title='bbox 375 957 593 1009; x_wconf 86' lang='lat' dir='ltr'><strong>criticis.</strong></span> <span class='ocrx_word' id='word_1_29' title='bbox 608 955 998 1021; x_wconf 82' lang='lat' dir='ltr'><strong>Quintilianus,</strong></span> <span class='ocrx_word' id='word_1_30' title='bbox 1014 954 1104 1006; x_wconf 88' lang='lat' dir='ltr'><strong>lib.</strong></span> <span class='ocrx_word' id='word_1_31' title='bbox 1119 953 1168 1006; x_wconf 84' lang='lat'><strong>1:</strong></span> 
     </span>
     <span class='ocr_line' id='line_1_7' title="bbox 187 1036 1174 1102; baseline -0.004 -14"><span class='ocrx_word' id='word_1_32' title='bbox 187 1038 563 1088; x_wconf 75' lang='lat' dir='ltr'><strong>Bar-batismum</strong></span> <span class='ocrx_word' id='word_1_33' title='bbox 589 1038 821 1102; x_wconf 80' lang='lat' dir='ltr'><strong>pluribus</strong></span> <span class='ocrx_word' id='word_1_34' title='bbox 857 1037 1012 1086; x_wconf 76' lang='lat' dir='ltr'><strong>modis</strong></span> <span class='ocrx_word' id='word_1_35' title='bbox 1040 1036 1174 1085; x_wconf 80' lang='lat' dir='ltr'><strong>aeci·</strong></span> 
     </span>
     <span class='ocr_line' id='line_1_8' title="bbox 183 1115 1176 1184; baseline -0.005 -16"><span class='ocrx_word' id='word_1_36' title='bbox 183 1119 379 1184; x_wconf 72' lang='lat' dir='ltr'><strong>pimu53</strong></span> <span class='ocrx_word' id='word_1_37' title='bbox 414 1136 568 1167; x_wconf 77' lang='lat' dir='ltr'><strong>unum</strong></span> <span class='ocrx_word' id='word_1_38' title='bbox 597 1130 744 1184; x_wconf 76' lang='lat' dir='ltr'><strong>gente</strong></span> <span class='ocrx_word' id='word_1_39' title='bbox 763 1135 781 1165; x_wconf 92' lang='grc'><strong>.·</strong></span> <span class='ocrx_word' id='word_1_40' title='bbox 811 1117 960 1182; x_wconf 80' lang='lat' dir='ltr'><strong>quale</strong></span> <span class='ocrx_word' id='word_1_41' title='bbox 992 1115 1037 1164; x_wconf 74' lang='lat' dir='ltr'><strong>si</strong></span> <span class='ocrx_word' id='word_1_42' title='bbox 1066 1115 1176 1180; x_wconf 73' lang='lat' dir='ltr'><strong>quis</strong></span> 
     </span>
     <span class='ocr_line' id='line_1_9' title="bbox 191 1195 1179 1264; baseline -0.004 -17"><span class='ocrx_word' id='word_1_43' title='bbox 191 1197 374 1264; x_wconf 74' lang='lat' dir='ltr'><strong>Afrum</strong></span> <span class='ocrx_word' id='word_1_44' title='bbox 387 1199 480 1247; x_wconf 80' lang='lat' dir='ltr'><strong>vel</strong></span> <span class='ocrx_word' id='word_1_45' title='bbox 491 1198 761 1263; x_wconf 75' lang='lat' dir='ltr'><strong>Hispanum</strong></span> <span class='ocrx_word' id='word_1_46' title='bbox 775 1197 948 1246; x_wconf 78' lang='lat' dir='ltr'><strong>Iatinoe</strong></span> <span class='ocrx_word' id='word_1_47' title='bbox 959 1195 1179 1245; x_wconf 76' lang='lat' dir='ltr'><strong>orationi</strong></span> 
     </span>
     <span class='ocr_line' id='line_1_10' title="bbox 194 1259 1176 1344; baseline -0.002 -16"><span class='ocrx_word' id='word_1_48' title='bbox 194 1297 367 1328; x_wconf 80' lang='lat' dir='ltr'><strong>nomen</strong></span> <span class='ocrx_word' id='word_1_49' title='bbox 396 1279 598 1328; x_wconf 75' lang='lat' dir='ltr'><strong>inserat.</strong></span> <span class='ocrx_word' id='word_1_50' title='bbox 632 1279 696 1326; x_wconf 80' lang='lat' dir='ltr'><strong>Ut</strong></span> <span class='ocrx_word' id='word_1_51' title='bbox 709 1259 912 1344; x_wconf 60' lang='lat' dir='ltr'><strong>firrtffn</strong></span> <span class='ocrx_word' id='word_1_52' title='bbox 934 1294 1034 1342; x_wconf 86' lang='lat' dir='ltr'><strong>quo</strong></span> <span class='ocrx_word' id='word_1_53' title='bbox 1053 1287 1176 1326; x_wconf 79' lang='lat' dir='ltr'><strong>rocae</strong></span> 
     </span>
     <span class='ocr_line' id='line_1_11' title="bbox 193 1353 1173 1416; baseline -0.002 -8"><span class='ocrx_word' id='word_1_54' title='bbox 193 1360 486 1408; x_wconf 76' lang='lat' dir='ltr'><strong>vinciuntur</strong></span> <span class='ocrx_word' id='word_1_55' title='bbox 509 1393 528 1416; x_wconf 86' lang='lat'><strong>,</strong></span> <span class='ocrx_word' id='word_1_56' title='bbox 578 1358 681 1406; x_wconf 79' lang='lat' dir='ltr'><strong>dici</strong></span> <span class='ocrx_word' id='word_1_57' title='bbox 729 1357 853 1406; x_wconf 76' lang='lat' dir='ltr'><strong>solet</strong></span> <span class='ocrx_word' id='word_1_58' title='bbox 897 1353 1127 1408; x_wconf 81' lang='lat' dir='ltr'><strong>canthus</strong></span> <span class='ocrx_word' id='word_1_59' title='bbox 1155 1389 1173 1416; x_wconf 80' lang='lat'><strong>,</strong></span> 
     </span>
     <span class='ocr_line' id='line_1_12' title="bbox 197 1435 1178 1504; baseline -0.004 -16"><span class='ocrx_word' id='word_1_60' title='bbox 197 1457 489 1504; x_wconf 81' lang='lat' dir='ltr'><strong>quanquam</strong></span> <span class='ocrx_word' id='word_1_61' title='bbox 519 1455 576 1487; x_wconf 85' lang='lat' dir='ltr'><strong>eo</strong></span> <span class='ocrx_word' id='word_1_62' title='bbox 609 1451 771 1486; x_wconf 80' lang='lat' dir='ltr'><strong>tamen</strong></span> <span class='ocrx_word' id='word_1_63' title='bbox 801 1449 994 1501; x_wconf 79' lang='lat' dir='ltr'><strong>recepto</strong></span> <span class='ocrx_word' id='word_1_64' title='bbox 1025 1435 1178 1484; x_wconf 77' lang='lat' dir='ltr'><strong>utitur</strong></span> 
     </span>
     <span class='ocr_line' id='line_1_13' title="bbox 196 1509 1182 1570; baseline -0.002 -2"><span class='ocrx_word' id='word_1_65' title='bbox 196 1520 400 1568; x_wconf 79' lang='lat' dir='ltr'><strong>Persius.</strong></span> <span class='ocrx_word' id='word_1_66' title='bbox 429 1517 559 1570; x_wconf 84' lang='lat' dir='ltr'><strong>Post</strong></span> <span class='ocrx_word' id='word_1_67' title='bbox 583 1515 745 1568; x_wconf 89' lang='lat' dir='ltr'><strong>illum</strong></span> <span class='ocrx_word' id='word_1_68' title='bbox 773 1527 954 1568; x_wconf 84' lang='lat' dir='ltr'><strong>tamen</strong></span> <span class='ocrx_word' id='word_1_69' title='bbox 989 1509 1182 1567; x_wconf 85' lang='lat' dir='ltr'><strong>eodem</strong></span> 
     </span>
     <span class='ocr_line' id='line_1_14' title="bbox 196 1593 1179 1658; baseline -0.005 -9"><span class='ocrx_word' id='word_1_70' title='bbox 196 1596 464 1650; x_wconf 73' lang='lat' dir='ltr'><strong>vocabulo</strong></span> <span class='ocrx_word' id='word_1_71' title='bbox 529 1595 610 1647; x_wconf 86' lang='lat' dir='ltr'><strong>usi</strong></span> <span class='ocrx_word' id='word_1_72' title='bbox 675 1606 803 1648; x_wconf 85' lang='lat' dir='ltr'><strong>sunt</strong></span> <span class='ocrx_word' id='word_1_73' title='bbox 866 1593 1126 1648; x_wconf 73' lang='lat' dir='ltr'><strong>Martialis</strong></span> <span class='ocrx_word' id='word_1_74' title='bbox 1159 1625 1179 1658; x_wconf 83' lang='lat'><strong>,</strong></span> 
     </span>
     <span class='ocr_line' id='line_1_15' title="bbox 193 1673 1179 1746; baseline -0.002 -18"><span class='ocrx_word' id='word_1_75' title='bbox 193 1676 284 1728; x_wconf 86' lang='lat' dir='ltr'><strong>lib.</strong></span> <span class='ocrx_word' id='word_1_76' title='bbox 303 1675 471 1740; x_wconf 84' lang='lat' dir='ltr'><strong>XIV,</strong></span> <span class='ocrx_word' id='word_1_77' title='bbox 493 1675 635 1746; x_wconf 72' lang='lat' dir='ltr'><strong>epig.</strong></span> <span class='ocrx_word' id='word_1_78' title='bbox 662 1675 788 1740; x_wconf 86' lang='lat'><strong>168,</strong></span> <span class='ocrx_word' id='word_1_79' title='bbox 807 1686 864 1728; x_wconf 90' lang='lat' dir='ltr'><strong>et</strong></span> <span class='ocrx_word' id='word_1_80' title='bbox 883 1673 974 1726; x_wconf 86' lang='lat' dir='ltr'><strong>alii</strong></span> <span class='ocrx_word' id='word_1_81' title='bbox 993 1684 1179 1726; x_wconf 80' lang='lat' dir='ltr'><strong>aucto-</strong></span> 
     </span>
     <span class='ocr_line' id='line_1_16' title="bbox 193 1752 1175 1810; baseline -0.007 0"><span class='ocrx_word' id='word_1_82' title='bbox 193 1776 276 1810; x_wconf 83' lang='lat' dir='ltr'><strong>res</strong></span> <span class='ocrx_word' id='word_1_83' title='bbox 295 1754 494 1810; x_wconf 75' lang='lat' dir='ltr'><strong>mediae</strong></span> <span class='ocrx_word' id='word_1_84' title='bbox 513 1767 569 1808; x_wconf 91' lang='lat' dir='ltr'><strong>et</strong></span> <span class='ocrx_word' id='word_1_85' title='bbox 582 1752 1088 1806; x_wconf 75' lang='lat' dir='ltr'><strong>infimaelatinitatis.</strong></span> <span class='ocrx_word' id='word_1_86' title='bbox 1109 1755 1175 1805; x_wconf 74' lang='lat' dir='ltr'><strong>A.</strong></span> 
     </span>
    </p>

    <p class='ocr_par' dir='ltr' id='par_1_5' title="bbox 185 1835 1189 3847">
     <span class='ocr_line' id='line_1_17' title="bbox 263 1835 1180 1908; baseline -0.003 -19"><span class='ocrx_word' id='word_1_87' title='bbox 263 1838 356 1908; x_wconf 81' lang='lat'><strong>73.</strong></span> <span class='ocrx_word' id='word_1_88' title='bbox 383 1839 635 1888; x_wconf 74' lang='lat' dir='ltr'><strong>Libertate</strong></span> <span class='ocrx_word' id='word_1_89' title='bbox 667 1855 787 1904; x_wconf 76' lang='lat' dir='ltr'><strong>opus</strong></span> <span class='ocrx_word' id='word_1_90' title='bbox 817 1838 922 1903; x_wconf 60' lang='lat' dir='ltr'><strong>esa]</strong></span> <span class='ocrx_word' id='word_1_91' title='bbox 948 1835 1053 1887; x_wconf 82' lang='lat' dir='ltr'><strong>Hic</strong></span> <span class='ocrx_word' id='word_1_92' title='bbox 1068 1835 1180 1904; x_wconf 85' lang='lat' dir='ltr'><strong>jam</strong></span> 
     </span>
     <span class='ocr_line' id='line_1_18' title="bbox 186 1916 1181 1989; baseline -0.002 -19"><span class='ocrx_word' id='word_1_93' title='bbox 186 1917 387 1989; x_wconf 83' lang='lat' dir='ltr'><strong>incipit</strong></span> <span class='ocrx_word' id='word_1_94' title='bbox 412 1917 580 1989; x_wconf 85' lang='lat' dir='ltr'><strong>primi</strong></span> <span class='ocrx_word' id='word_1_95' title='bbox 608 1929 663 1970; x_wconf 88' lang='lat' dir='ltr'><strong>et</strong></span> <span class='ocrx_word' id='word_1_96' title='bbox 691 1916 956 1989; x_wconf 68' lang='lat' dir='ltr'><strong>praecipui</strong></span> <span class='ocrx_word' id='word_1_97' title='bbox 983 1916 1181 1968; x_wconf 84' lang='lat' dir='ltr'><strong>stoico-</strong></span> 
     </span>
     <span class='ocr_line' id='line_1_19' title="bbox 189 1995 1175 2069; baseline -0.004 -18"><span class='ocrx_word' id='word_1_98' title='bbox 189 2017 314 2051; x_wconf 81' lang='lat' dir='ltr'><strong>rum</strong></span> <span class='ocrx_word' id='word_1_99' title='bbox 333 1995 604 2069; x_wconf 73' lang='lat' dir='ltr'><strong>paradoxi</strong></span> <span class='ocrx_word' id='word_1_100' title='bbox 628 1996 878 2051; x_wconf 80' lang='lat' dir='ltr'><strong>tractatio</strong></span> <span class='ocrx_word' id='word_1_101' title='bbox 896 2015 914 2062; x_wconf 87' lang='lat'>;</span> <span class='ocrx_word' id='word_1_102' title='bbox 933 1995 1139 2048; x_wconf 78' lang='lat' dir='ltr'><strong>scilicet</strong></span> <span class='ocrx_word' id='word_1_103' title='bbox 1157 2031 1175 2058; x_wconf 84' lang='lat'><strong>,</strong></span> 
     </span>
     <span class='ocr_line' id='line_1_20' title="bbox 193 2072 1174 2152; baseline -0.004 -20"><span class='ocrx_word' id='word_1_104' title='bbox 193 2081 263 2132; x_wconf 77' lang='grc' dir='ltr'><strong>ὅτι</strong></span> <span class='ocrx_word' id='word_1_105' title='bbox 307 2080 454 2152; x_wconf 78' lang='grc' dir='ltr'>μόνος</span> <span class='ocrx_word' id='word_1_106' title='bbox 495 2083 520 2132; x_wconf 80' lang='grc' dir='ltr'><strong><em>ὁ</em></strong></span> <span class='ocrx_word' id='word_1_107' title='bbox 564 2081 708 2150; x_wconf 74' lang='grc' dir='ltr'>σοφὸς</span> <span class='ocrx_word' id='word_1_108' title='bbox 741 2079 996 2149; x_wconf 71' lang='grc' dir='ltr'><strong>ἰλιῦθιρος·</strong></span> <span class='ocrx_word' id='word_1_109' title='bbox 1037 2078 1079 2130; x_wconf 81' lang='grc' dir='ltr'><strong>οἶ</strong></span> <span class='ocrx_word' id='word_1_110' title='bbox 1115 2072 1174 2128; x_wconf 67' lang='grc' dir='ltr'><strong>δὲ</strong></span> 
     </span>
     <span class='ocr_line' id='line_1_21' title="bbox 191 2154 1178 2230; baseline -0.002 -18"><span class='ocrx_word' id='word_1_111' title='bbox 191 2165 360 2230; x_wconf 72' lang='grc' dir='ltr'>φαῦλοι</span> <span class='ocrx_word' id='word_1_112' title='bbox 403 2154 569 2212; x_wconf 66' lang='grc' dir='ltr'>δοῦλοι</span> <span class='ocrx_word' id='word_1_113' title='bbox 605 2179 618 2211; x_wconf 85' lang='lat'><em>=</em></span> <span class='ocrx_word' id='word_1_114' title='bbox 656 2159 837 2213; x_wconf 91' lang='lat' dir='ltr'><strong>solum</strong></span> <span class='ocrx_word' id='word_1_115' title='bbox 877 2156 1178 2230; x_wconf 75' lang='lat' dir='ltr'><strong>sapientem</strong></span> 
     </span>
     <span class='ocr_line' id='line_1_22' title="bbox 191 2238 1174 2304; baseline -0.003 -12"><span class='ocrx_word' id='word_1_116' title='bbox 191 2259 302 2295; x_wconf 83' lang='lat' dir='ltr'><strong>csse</strong></span> <span class='ocrx_word' id='word_1_117' title='bbox 323 2238 566 2294; x_wconf 85' lang='lat' dir='ltr'><strong>liberum</strong></span> <span class='ocrx_word' id='word_1_118' title='bbox 586 2278 602 2304; x_wconf 85' lang='lat'><strong>,</strong></span> <span class='ocrx_word' id='word_1_119' title='bbox 627 2239 798 2292; x_wconf 83' lang='lat' dir='ltr'><strong>malos</strong></span> <span class='ocrx_word' id='word_1_120' title='bbox 820 2257 952 2294; x_wconf 80' lang='lat' dir='ltr'><strong>vero</strong></span> <span class='ocrx_word' id='word_1_121' title='bbox 971 2255 1174 2290; x_wconf 83' lang='lat' dir='ltr'><strong>servos.</strong></span> 
     </span>
     <span class='ocr_line' id='line_1_23' title="bbox 193 2317 1179 2390; baseline -0.004 -16"><span class='ocrx_word' id='word_1_122' title='bbox 193 2322 288 2374; x_wconf 87' lang='lat' dir='ltr'><strong>Est</strong></span> <span class='ocrx_word' id='word_1_123' title='bbox 315 2336 507 2376; x_wconf 80' lang='lat' dir='ltr'><strong>autem</strong></span> <span class='ocrx_word' id='word_1_124' title='bbox 531 2320 708 2375; x_wconf 81' lang='lat' dir='ltr'><strong>aditus</strong></span> <span class='ocrx_word' id='word_1_125' title='bbox 733 2319 802 2373; x_wconf 88' lang='lat' dir='ltr'><strong>ad</strong></span> <span class='ocrx_word' id='word_1_126' title='bbox 831 2321 968 2373; x_wconf 77' lang='lat' dir='ltr'><strong>hanc</strong></span> <span class='ocrx_word' id='word_1_127' title='bbox 989 2317 1179 2390; x_wconf 89' lang='lat' dir='ltr'><strong>dispu-</strong></span> 
     </span>
     <span class='ocr_line' id='line_1_24' title="bbox 193 2398 1179 2473; baseline -0.005 -18"><span class='ocrx_word' id='word_1_128' title='bbox 193 2403 495 2467; x_wconf 73' lang='lat' dir='ltr'><strong>tationem,</strong></span> <span class='ocrx_word' id='word_1_129' title='bbox 519 2420 639 2473; x_wconf 74' lang='lat' dir='ltr'><strong>quoe</strong></span> <span class='ocrx_word' id='word_1_130' title='bbox 675 2398 972 2454; x_wconf 86' lang='lat' dir='ltr'><strong>secundam</strong></span> <span class='ocrx_word' id='word_1_131' title='bbox 1007 2398 1179 2451; x_wconf 62' lang='lat' dir='ltr'><strong>satira</strong></span> 
     </span>
     <span class='ocr_line' id='line_1_25' title="bbox 193 2481 1179 2555; baseline -0.006 -19"><span class='ocrx_word' id='word_1_132' title='bbox 193 2497 412 2555; x_wconf 80' lang='lat' dir='ltr'><strong>partem</strong></span> <span class='ocrx_word' id='word_1_133' title='bbox 435 2481 848 2555; x_wconf 79' lang='lat' dir='ltr'><strong>complectitur,</strong></span> <span class='ocrx_word' id='word_1_134' title='bbox 867 2492 922 2533; x_wconf 91' lang='lat' dir='ltr'><strong>et</strong></span> <span class='ocrx_word' id='word_1_135' title='bbox 938 2496 1179 2551; x_wconf 77' lang='lat' dir='ltr'><strong>praeceps</strong></span> 
     </span>
     <span class='ocr_line' id='line_1_26' title="bbox 189 2563 1177 2635; baseline -0.008 -18"><span class='ocrx_word' id='word_1_136' title='bbox 189 2564 320 2618; x_wconf 81' lang='lat' dir='ltr'><strong>satis</strong></span> <span class='ocrx_word' id='word_1_137' title='bbox 355 2576 416 2617; x_wconf 87' lang='lat' dir='ltr'><strong>et</strong></span> <span class='ocrx_word' id='word_1_138' title='bbox 451 2564 718 2635; x_wconf 80' lang='lat' dir='ltr'><strong>abruptus</strong></span> <span class='ocrx_word' id='word_1_139' title='bbox 741 2599 759 2626; x_wconf 92' lang='lat'>‚</span> <span class='ocrx_word' id='word_1_140' title='bbox 797 2563 956 2632; x_wconf 84' lang='lat' dir='ltr'><strong>cujus</strong></span> <span class='ocrx_word' id='word_1_141' title='bbox 999 2572 1177 2611; x_wconf 79' lang='lat' dir='ltr'><strong>tamen</strong></span> 
     </span>
     <span class='ocr_line' id='line_1_27' title="bbox 189 2637 1183 2715; baseline -0.008 -18"><span class='ocrx_word' id='word_1_142' title='bbox 189 2644 363 2715; x_wconf 82' lang='lat' dir='ltr'><strong>partis</strong></span> <span class='ocrx_word' id='word_1_143' title='bbox 399 2645 516 2697; x_wconf 77' lang='lat' dir='ltr'><strong>haec</strong></span> <span class='ocrx_word' id='word_1_144' title='bbox 557 2655 637 2694; x_wconf 90' lang='lat' dir='ltr'><strong>est</strong></span> <span class='ocrx_word' id='word_1_145' title='bbox 677 2660 809 2694; x_wconf 90' lang='lat' dir='ltr'><strong>cum</strong></span> <span class='ocrx_word' id='word_1_146' title='bbox 845 2637 1183 2711; x_wconf 79' lang='lat' dir='ltr'><strong>praecedenti</strong></span> 
     </span>
     <span class='ocr_line' id='line_1_28' title="bbox 190 2718 1182 2793; baseline -0.005 -17"><span class='ocrx_word' id='word_1_147' title='bbox 190 2723 486 2777; x_wconf 84' lang='lat' dir='ltr'><strong>connectio</strong></span> <span class='ocrx_word' id='word_1_148' title='bbox 500 2742 514 2773; x_wconf 71' lang='grc' dir='ltr'><strong><em>ε</em></strong></span> <span class='ocrx_word' id='word_1_149' title='bbox 536 2734 830 2793; x_wconf 82' lang='lat' dir='ltr'><strong>postquam</strong></span> <span class='ocrx_word' id='word_1_150' title='bbox 842 2739 940 2773; x_wconf 86' lang='lat' dir='ltr'><strong>suo</strong></span> <span class='ocrx_word' id='word_1_151' title='bbox 952 2718 1182 2793; x_wconf 84' lang='lat' dir='ltr'><strong>proprio</strong></span> 
     </span>
     <span class='ocr_line' id='line_1_29' title="bbox 187 2798 1186 2875; baseline -0.006 -18"><span class='ocrx_word' id='word_1_152' title='bbox 187 2804 446 2875; x_wconf 80' lang='lat' dir='ltr'><strong>exemplo</strong></span> <span class='ocrx_word' id='word_1_153' title='bbox 467 2840 486 2867; x_wconf 98' lang='lat'><strong>,</strong></span> <span class='ocrx_word' id='word_1_154' title='bbox 517 2815 574 2857; x_wconf 90' lang='lat' dir='ltr'><strong>et</strong></span> <span class='ocrx_word' id='word_1_155' title='bbox 616 2820 682 2856; x_wconf 83' lang='lat' dir='ltr'><strong>ex</strong></span> <span class='ocrx_word' id='word_1_156' title='bbox 719 2799 1006 2871; x_wconf 74' lang='lat' dir='ltr'><strong>praeceptis</strong></span> <span class='ocrx_word' id='word_1_157' title='bbox 1049 2798 1186 2853; x_wconf 86' lang='lat' dir='ltr'><strong>Cor·</strong></span> 
     </span>
     <span class='ocr_line' id='line_1_30' title="bbox 185 2880 1184 2949; baseline -0.006 -12"><span class='ocrx_word' id='word_1_158' title='bbox 185 2885 316 2937; x_wconf 83' lang='lat' dir='ltr'><strong>-nuti</strong></span> <span class='ocrx_word' id='word_1_159' title='bbox 359 2882 616 2937; x_wconf 68' lang='lat' dir='ltr'><strong>fidissimi</strong></span> <span class='ocrx_word' id='word_1_160' title='bbox 651 2882 737 2936; x_wconf 83' lang='lat' dir='ltr'><strong>sui</strong></span> <span class='ocrx_word' id='word_1_161' title='bbox 776 2880 976 2949; x_wconf 87' lang='lat' dir='ltr'><strong>amici,</strong></span> <span class='ocrx_word' id='word_1_162' title='bbox 1011 2893 1067 2933; x_wconf 87' lang='lat' dir='ltr'><strong>et</strong></span> <span class='ocrx_word' id='word_1_163' title='bbox 1101 2898 1184 2932; x_wconf 84' lang='lat' dir='ltr'><strong>sa·</strong></span> 
     </span>
     <span class='ocr_line' id='line_1_31' title="bbox 190 2962 1186 3038; baseline -0.006 -19"><span class='ocrx_word' id='word_1_164' title='bbox 190 2966 528 3038; x_wconf 69' lang='lat' dir='ltr'><strong>pientissimi</strong></span> <span class='ocrx_word' id='word_1_165' title='bbox 548 2964 788 3037; x_wconf 79' lang='lat' dir='ltr'><strong>magistri</strong></span> <span class='ocrx_word' id='word_1_166' title='bbox 806 2966 1034 3036; x_wconf 80' lang='lat' dir='ltr'><strong>juvenes</strong></span> <span class='ocrx_word' id='word_1_167' title='bbox 1055 2962 1186 3015; x_wconf 88' lang='lat' dir='ltr'><strong>hor·</strong></span> 
     </span>
     <span class='ocr_line' id='line_1_32' title="bbox 195 3042 1186 3116; baseline -0.007 -16"><span class='ocrx_word' id='word_1_168' title='bbox 195 3060 342 3102; x_wconf 80' lang='lat' dir='ltr'><strong>tatus</strong></span> <span class='ocrx_word' id='word_1_169' title='bbox 371 3058 456 3099; x_wconf 79' lang='lat' dir='ltr'><strong>est</strong></span> <span class='ocrx_word' id='word_1_170' title='bbox 479 3044 553 3099; x_wconf 87' lang='lat' dir='ltr'><strong>ad</strong></span> <span class='ocrx_word' id='word_1_171' title='bbox 579 3044 760 3099; x_wconf 83' lang='lat' dir='ltr'><strong>studia</strong></span> <span class='ocrx_word' id='word_1_172' title='bbox 785 3042 1186 3116; x_wconf 74' lang='lat' dir='ltr'><strong>philosophiae;</strong></span> 
     </span>
     <span class='ocr_line' id='line_1_33' title="bbox 190 3122 1188 3202; baseline -0.009 -19"><span class='ocrx_word' id='word_1_173' title='bbox 190 3142 486 3202; x_wconf 77' lang='lat' dir='ltr'><strong>postquam</strong></span> <span class='ocrx_word' id='word_1_174' title='bbox 501 3126 742 3181; x_wconf 83' lang='lat' dir='ltr'><strong>ostendit</strong></span> <span class='ocrx_word' id='word_1_175' title='bbox 757 3138 1028 3197; x_wconf 85' lang='lat' dir='ltr'><strong>quantum</strong></span> <span class='ocrx_word' id='word_1_176' title='bbox 1041 3122 1188 3177; x_wconf 85' lang='lat' dir='ltr'><strong>dam-</strong></span> 
     </span>
     <span class='ocr_line' id='line_1_34' title="bbox 191 3205 1184 3270; baseline -0.009 -6"><span class='ocrx_word' id='word_1_177' title='bbox 191 3211 252 3263; x_wconf 85' lang='lat' dir='ltr'><strong>ni</strong></span> <span class='ocrx_word' id='word_1_178' title='bbox 269 3211 470 3263; x_wconf 83' lang='lat' dir='ltr'><strong>afferat</strong></span> <span class='ocrx_word' id='word_1_179' title='bbox 485 3208 576 3261; x_wconf 84' lang='lat' dir='ltr'><strong>vel</strong></span> <span class='ocrx_word' id='word_1_180' title='bbox 587 3208 752 3261; x_wconf 87' lang='lat' dir='ltr'><strong>unius</strong></span> <span class='ocrx_word' id='word_1_181' title='bbox 765 3205 875 3259; x_wconf 82' lang='lat' dir='ltr'><strong>diei</strong></span> <span class='ocrx_word' id='word_1_182' title='bbox 895 3222 1078 3270; x_wconf 74' lang='lat' dir='ltr'><strong>mora3</strong></span> <span class='ocrx_word' id='word_1_183' title='bbox 1093 3220 1184 3255; x_wconf 86' lang='lat' dir='ltr'><strong>eos</strong></span> 
     </span>
     <span class='ocr_line' id='line_1_35' title="bbox 191 3287 1183 3363; baseline -0.009 -19"><span class='ocrx_word' id='word_1_184' title='bbox 191 3304 410 3363; x_wconf 80' lang='lat' dir='ltr'><strong>paratos</strong></span> <span class='ocrx_word' id='word_1_185' title='bbox 425 3328 442 3351; x_wconf 88' lang='lat'><em>‚</em></span> <span class='ocrx_word' id='word_1_186' title='bbox 466 3308 568 3361; x_wconf 85' lang='lat' dir='ltr'><strong>per</strong></span> <span class='ocrx_word' id='word_1_187' title='bbox 597 3287 911 3362; x_wconf 72' lang='lat' dir='ltr'><strong>hypotesim</strong></span> <span class='ocrx_word' id='word_1_188' title='bbox 943 3302 1144 3357; x_wconf 88' lang='lat' dir='ltr'><strong>nempe</strong></span> <span class='ocrx_word' id='word_1_189' title='bbox 1164 3322 1183 3349; x_wconf 86' lang='lat'><strong>,</strong></span> 
     </span>
     <span class='ocr_line' id='line_1_36' title="bbox 193 3364 1181 3437; baseline -0.006 -14"><span class='ocrx_word' id='word_1_190' title='bbox 193 3370 484 3425; x_wconf 78' lang='lat' dir='ltr'><strong>inveniens</strong></span> <span class='ocrx_word' id='word_1_191' title='bbox 498 3406 518 3435; x_wconf 89' lang='lat'><strong>,</strong></span> <span class='ocrx_word' id='word_1_192' title='bbox 537 3367 694 3423; x_wconf 78' lang='lat' dir='ltr'><strong>addit</strong></span> <span class='ocrx_word' id='word_1_193' title='bbox 712 3387 726 3419; x_wconf 66' lang='grc' dir='ltr'><strong>ι</strong></span> <span class='ocrx_word' id='word_1_194' title='bbox 749 3379 806 3420; x_wconf 79' lang='lat' dir='ltr'><strong>at</strong></span> <span class='ocrx_word' id='word_1_195' title='bbox 821 3364 1072 3437; x_wconf 83' lang='lat' dir='ltr'><strong>quisquis</strong></span> <span class='ocrx_word' id='word_1_196' title='bbox 1093 3382 1148 3417; x_wconf 87' lang='lat' dir='ltr'><strong>es</strong></span> <span class='ocrx_word' id='word_1_197' title='bbox 1163 3400 1181 3428; x_wconf 88' lang='lat'>‚</span> 
     </span>
     <span class='ocr_line' id='line_1_37' title="bbox 195 3446 1182 3524; baseline -0.008 -19"><span class='ocrx_word' id='word_1_198' title='bbox 195 3452 292 3524; x_wconf 80' lang='lat' dir='ltr'><strong>qui</strong></span> <span class='ocrx_word' id='word_1_199' title='bbox 323 3450 394 3504; x_wconf 86' lang='lat' dir='ltr'><strong>ad</strong></span> <span class='ocrx_word' id='word_1_200' title='bbox 431 3450 584 3503; x_wconf 85' lang='lat' dir='ltr'><strong>hunc</strong></span> <span class='ocrx_word' id='word_1_201' title='bbox 623 3463 734 3503; x_wconf 86' lang='lat' dir='ltr'><strong>tam</strong></span> <span class='ocrx_word' id='word_1_202' title='bbox 766 3450 1062 3500; x_wconf 75' lang='lat' dir='ltr'><strong>honestum</strong></span> <span class='ocrx_word' id='word_1_203' title='bbox 1097 3446 1182 3499; x_wconf 86' lang='lat' dir='ltr'><strong>in-</strong></span> 
     </span>
     <span class='ocr_line' id='line_1_38' title="bbox 193 3523 1188 3603; baseline -0.007 -20"><span class='ocrx_word' id='word_1_204' title='bbox 193 3534 444 3603; x_wconf 75' lang='lat' dir='ltr'><strong>coeptum*</strong></span> <span class='ocrx_word' id='word_1_205' title='bbox 475 3530 758 3601; x_wconf 81' lang='lat' dir='ltr'><strong>accingere</strong></span> <span class='ocrx_word' id='word_1_206' title='bbox 793 3540 848 3579; x_wconf 91' lang='lat' dir='ltr'><strong>te</strong></span> <span class='ocrx_word' id='word_1_207' title='bbox 879 3523 1188 3594; x_wconf 83' lang='lat' dir='ltr'><strong>desideras,</strong></span> 
     </span>
     <span class='ocr_line' id='line_1_39' title="bbox 196 3604 1186 3675; baseline -0.006 -12"><span class='ocrx_word' id='word_1_208' title='bbox 196 3613 296 3665; x_wconf 88' lang='lat' dir='ltr'><strong>tihi</strong></span> <span class='ocrx_word' id='word_1_209' title='bbox 321 3614 552 3663; x_wconf 75' lang='lat' dir='ltr'><strong>libertate</strong></span> <span class='ocrx_word' id='word_1_210' title='bbox 584 3626 705 3675; x_wconf 82' lang='lat' dir='ltr'><strong>opus</strong></span> <span class='ocrx_word' id='word_1_211' title='bbox 737 3623 820 3659; x_wconf 82' lang='lat' dir='ltr'><strong>est.</strong></span> <span class='ocrx_word' id='word_1_212' title='bbox 853 3604 994 3659; x_wconf 83' lang='lat' dir='ltr'><strong>Inde</strong></span> <span class='ocrx_word' id='word_1_213' title='bbox 1021 3606 1186 3661; x_wconf 78' lang='lat' dir='ltr'><strong>liher-</strong></span> 
     </span>
     <span class='ocr_line' id='line_1_40' title="bbox 195 3686 1189 3759; baseline -0.003 -17"><span class='ocrx_word' id='word_1_214' title='bbox 195 3686 1189 3759; x_wconf 77' lang='lat' dir='ltr'><strong>tatisciviliscumlibertatesapientis‚</strong></span> 
     </span>
     <span class='ocr_line' id='line_1_41' title="bbox 197 3770 1189 3847; baseline -0.009 -20"><span class='ocrx_word' id='word_1_215' title='bbox 197 3786 368 3847; x_wconf 80' lang='lat' dir='ltr'><strong>quam</strong></span> <span class='ocrx_word' id='word_1_216' title='bbox 395 3771 568 3825; x_wconf 86' lang='lat' dir='ltr'><strong>solam</strong></span> <span class='ocrx_word' id='word_1_217' title='bbox 596 3782 656 3826; x_wconf 87' lang='lat' dir='ltr'><strong>et</strong></span> <span class='ocrx_word' id='word_1_218' title='bbox 679 3770 976 3843; x_wconf 76' lang='lat' dir='ltr'><strong>genuinam</strong></span> <span class='ocrx_word' id='word_1_219' title='bbox 997 3785 1189 3839; x_wconf 82' lang='lat' dir='ltr'><strong>agnos-</strong></span> 
     </span>
    </p>
   </div>
   <div class='ocr_carea' id='block_1_5' title="bbox 1252 873 2291 2867">
    <p class='ocr_par' dir='ltr' id='par_1_6' title="bbox 1252 873 2291 2867">
     <span class='ocr_line' id='line_1_42' title="bbox 1253 873 2241 950; baseline 0.003 -23"><span class='ocrx_word' id='word_1_220' title='bbox 1253 885 1391 929; x_wconf 84' lang='lat' dir='ltr'><strong>cunt</strong></span> <span class='ocrx_word' id='word_1_221' title='bbox 1418 873 1615 941; x_wconf 70' lang='lat' dir='ltr'><strong>stoici,</strong></span> <span class='ocrx_word' id='word_1_222' title='bbox 1640 873 1918 929; x_wconf 77' lang='lat' dir='ltr'><strong>subtiliter</strong></span> <span class='ocrx_word' id='word_1_223' title='bbox 1946 889 2001 928; x_wconf 88' lang='lat' dir='ltr'><strong>et</strong></span> <span class='ocrx_word' id='word_1_224' title='bbox 2026 874 2241 950; x_wconf 71' lang='lat' dir='ltr'><strong>elegan-</strong></span> 
     </span>
     <span class='ocr_line' id='line_1_43' title="bbox 1255 955 2241 1020; baseline 0.002 -12"><span class='ocrx_word' id='word_1_225' title='bbox 1255 955 1461 1008; x_wconf 76' lang='lat' dir='ltr'><strong>tissime</strong></span> <span class='ocrx_word' id='word_1_226' title='bbox 1500 956 1683 1010; x_wconf 80' lang='lat' dir='ltr'><strong>habita</strong></span> <span class='ocrx_word' id='word_1_227' title='bbox 1726 955 2040 1020; x_wconf 65' lang='lat' dir='ltr'><strong>distinctim</strong></span> <span class='ocrx_word' id='word_1_228' title='bbox 2073 958 2241 1010; x_wconf 83' lang='lat' dir='ltr'><strong>servi-</strong></span> 
     </span>
     <span class='ocr_line' id='line_1_44' title="bbox 1253 1035 2239 1102; baseline 0.001 -13"><span class='ocrx_word' id='word_1_229' title='bbox 1253 1035 1387 1089; x_wconf 90' lang='lat' dir='ltr'><strong>tutis</strong></span> <span class='ocrx_word' id='word_1_230' title='bbox 1410 1035 1503 1088; x_wconf 88' lang='lat' dir='ltr'><strong>cui</strong></span> <span class='ocrx_word' id='word_1_231' title='bbox 1529 1035 1798 1090; x_wconf 81' lang='lat' dir='ltr'><strong>obnoxius</strong></span> <span class='ocrx_word' id='word_1_232' title='bbox 1820 1050 1902 1090; x_wconf 80' lang='lat' dir='ltr'><strong>est</strong></span> <span class='ocrx_word' id='word_1_233' title='bbox 1920 1037 2239 1102; x_wconf 82' lang='lat' dir='ltr'><strong>ambitioni,</strong></span> 
     </span>
     <span class='ocr_line' id='line_1_45' title="bbox 1252 1115 2243 1189; baseline 0 -19"><span class='ocrx_word' id='word_1_234' title='bbox 1252 1115 1516 1183; x_wconf 66' lang='lat' dir='ltr'><strong>avaritie,</strong></span> <span class='ocrx_word' id='word_1_235' title='bbox 1537 1115 1913 1189; x_wconf 79' lang='lat' dir='ltr'><strong>voluptatibus</strong></span> <span class='ocrx_word' id='word_1_236' title='bbox 1926 1130 1981 1169; x_wconf 88' lang='lat' dir='ltr'><strong>et</strong></span> <span class='ocrx_word' id='word_1_237' title='bbox 1997 1117 2243 1171; x_wconf 87' lang='lat' dir='ltr'><strong>mollitiei</strong></span> 
     </span>
     <span class='ocr_line' id='line_1_46' title="bbox 1253 1194 2245 1269; baseline 0 -21"><span class='ocrx_word' id='word_1_238' title='bbox 1253 1194 1477 1249; x_wconf 85' lang='lat' dir='ltr'><strong>deditus</strong></span> <span class='ocrx_word' id='word_1_239' title='bbox 1530 1196 1701 1250; x_wconf 89' lang='lat' dir='ltr'><strong>homo</strong></span> <span class='ocrx_word' id='word_1_240' title='bbox 1760 1196 1955 1250; x_wconf 86' lang='lat' dir='ltr'><strong>eximia</strong></span> <span class='ocrx_word' id='word_1_241' title='bbox 2012 1210 2067 1249; x_wconf 89' lang='lat' dir='ltr'><strong>et</strong></span> <span class='ocrx_word' id='word_1_242' title='bbox 2118 1209 2245 1269; x_wconf 79' lang='lat' dir='ltr'><strong>apta</strong></span> 
     </span>
     <span class='ocr_line' id='line_1_47' title="bbox 1255 1275 2243 1349; baseline 0 -19"><span class='ocrx_word' id='word_1_243' title='bbox 1255 1275 1589 1349; x_wconf 78' lang='lat' dir='ltr'><strong>descriptio:</strong></span> <span class='ocrx_word' id='word_1_244' title='bbox 1617 1275 1771 1330; x_wconf 88' lang='lat' dir='ltr'><strong>unde</strong></span> <span class='ocrx_word' id='word_1_245' title='bbox 1807 1275 2122 1342; x_wconf 84' lang='lat' dir='ltr'><strong>concludit,</strong></span> <span class='ocrx_word' id='word_1_246' title='bbox 2154 1277 2243 1330; x_wconf 79' lang='lat' dir='ltr'><strong>vel</strong></span> 
     </span>
     <span class='ocr_line' id='line_1_48' title="bbox 1253 1354 2248 1428; baseline -0.001 -19"><span class='ocrx_word' id='word_1_247' title='bbox 1253 1357 1449 1410; x_wconf 85' lang='lat' dir='ltr'><strong>lectori</strong></span> <span class='ocrx_word' id='word_1_248' title='bbox 1469 1354 1839 1428; x_wconf 79' lang='lat' dir='ltr'><strong>colligendum</strong></span> <span class='ocrx_word' id='word_1_249' title='bbox 1860 1357 2053 1418; x_wconf 80' lang='lat' dir='ltr'><strong>offert,</strong></span> <span class='ocrx_word' id='word_1_250' title='bbox 2074 1356 2248 1409; x_wconf 87' lang='lat' dir='ltr'><strong>nemi-</strong></span> 
     </span>
     <span class='ocr_line' id='line_1_49' title="bbox 1254 1428 2247 1509; baseline 0 -19"><span class='ocrx_word' id='word_1_251' title='bbox 1254 1456 1384 1490; x_wconf 88' lang='lat' dir='ltr'><strong>nem</strong></span> <span class='ocrx_word' id='word_1_252' title='bbox 1398 1428 1636 1490; x_wconf 77' lang='lat' dir='ltr'><strong>liberum</strong></span> <span class='ocrx_word' id='word_1_253' title='bbox 1650 1436 1755 1490; x_wconf 79' lang='lat' dir='ltr'><strong>nisi</strong></span> <span class='ocrx_word' id='word_1_254' title='bbox 1770 1437 2094 1509; x_wconf 77' lang='lat' dir='ltr'><strong>sapientem3</strong></span> <span class='ocrx_word' id='word_1_255' title='bbox 2112 1437 2247 1490; x_wconf 84' lang='lat' dir='ltr'><strong>stul·</strong></span> 
     </span>
     <span class='ocr_line' id='line_1_50' title="bbox 1263 1516 2247 1588; baseline -0.002 -18"><span class='ocrx_word' id='word_1_256' title='bbox 1263 1530 1384 1570; x_wconf 86' lang='lat' dir='ltr'><strong>tum</strong></span> <span class='ocrx_word' id='word_1_257' title='bbox 1420 1529 1605 1569; x_wconf 85' lang='lat' dir='ltr'><strong>autem</strong></span> <span class='ocrx_word' id='word_1_258' title='bbox 1640 1527 1697 1568; x_wconf 89' lang='lat' dir='ltr'><strong>et</strong></span> <span class='ocrx_word' id='word_1_259' title='bbox 1726 1516 2045 1588; x_wconf 86' lang='lat' dir='ltr'><strong>improbum</strong></span> <span class='ocrx_word' id='word_1_260' title='bbox 2082 1518 2247 1584; x_wconf 81' lang='lat' dir='ltr'><strong>(nam</strong></span> 
     </span>
     <span class='ocr_line' id='line_1_51' title="bbox 1261 1593 2247 1649; baseline -0.001 -1"><span class='ocrx_word' id='word_1_261' title='bbox 1261 1595 1320 1648; x_wconf 86' lang='lat' dir='ltr'><strong>in</strong></span> <span class='ocrx_word' id='word_1_262' title='bbox 1341 1607 1526 1648; x_wconf 87' lang='lat' dir='ltr'><strong>mente</strong></span> <span class='ocrx_word' id='word_1_263' title='bbox 1553 1595 1853 1649; x_wconf 80' lang='lat' dir='ltr'><strong>stoicorum</strong></span> <span class='ocrx_word' id='word_1_264' title='bbox 1877 1596 2073 1649; x_wconf 83' lang='lat' dir='ltr'><strong>stultus</strong></span> <span class='ocrx_word' id='word_1_265' title='bbox 2099 1593 2247 1648; x_wconf 82' lang='lat' dir='ltr'><strong>idem</strong></span> 
     </span>
     <span class='ocr_line' id='line_1_52' title="bbox 1255 1675 2269 1747; baseline 0 -18"><span class='ocrx_word' id='word_1_266' title='bbox 1255 1695 1320 1729; x_wconf 84' lang='lat' dir='ltr'><strong>ac</strong></span> <span class='ocrx_word' id='word_1_267' title='bbox 1361 1675 1649 1747; x_wconf 83' lang='lat' dir='ltr'><strong>improbus</strong></span> <span class='ocrx_word' id='word_1_268' title='bbox 1681 1712 1698 1739; x_wconf 89' lang='lat'><strong>,</strong></span> <span class='ocrx_word' id='word_1_269' title='bbox 1736 1676 1947 1747; x_wconf 80' lang='lat' dir='ltr'><strong>sapiens</strong></span> <span class='ocrx_word' id='word_1_270' title='bbox 1993 1675 2144 1728; x_wconf 88' lang='lat' dir='ltr'><strong>idem</strong></span> <span class='ocrx_word' id='word_1_271' title='bbox 2182 1693 2269 1730; x_wconf 71' lang='lat' dir='ltr'><strong>act</strong></span> 
     </span>
     <span class='ocr_line' id='line_1_53' title="bbox 1257 1753 2244 1822; baseline -0.001 -14"><span class='ocrx_word' id='word_1_272' title='bbox 1257 1756 1344 1810; x_wconf 77' lang='lat' dir='ltr'><strong>vir</strong></span> <span class='ocrx_word' id='word_1_273' title='bbox 1367 1755 1579 1822; x_wconf 84' lang='lat' dir='ltr'><strong>bonus;</strong></span> <span class='ocrx_word' id='word_1_274' title='bbox 1599 1753 1727 1809; x_wconf 83' lang='lat' dir='ltr'><strong>vide</strong></span> <span class='ocrx_word' id='word_1_275' title='bbox 1756 1754 2110 1816; x_wconf 71' lang='lat' dir='ltr'><strong>Ciceronem,</strong></span> <span class='ocrx_word' id='word_1_276' title='bbox 2141 1753 2244 1807; x_wconf 89' lang='lat' dir='ltr'><strong>Pa-</strong></span> 
     </span>
     <span class='ocr_line' id='line_1_54' title="bbox 1257 1835 2245 1905; baseline 0.001 -17"><span class='ocrx_word' id='word_1_277' title='bbox 1257 1835 1445 1889; x_wconf 83' lang='lat' dir='ltr'><strong>radox.</strong></span> <span class='ocrx_word' id='word_1_278' title='bbox 1471 1835 1544 1900; x_wconf 87' lang='lat' dir='ltr'><strong>V,</strong></span> <span class='ocrx_word' id='word_1_279' title='bbox 1574 1835 1763 1889; x_wconf 79' lang='lat' dir='ltr'><strong>Horat.</strong></span> <span class='ocrx_word' id='word_1_280' title='bbox 1792 1835 1887 1887; x_wconf 88' lang='lat' dir='ltr'><strong>lib.</strong></span> <span class='ocrx_word' id='word_1_281' title='bbox 1919 1837 1980 1888; x_wconf 91' lang='lat'><strong>11</strong></span> <span class='ocrx_word' id='word_1_282' title='bbox 1998 1875 2015 1900; x_wconf 90' lang='lat'>‚</span> <span class='ocrx_word' id='word_1_283' title='bbox 2037 1849 2137 1889; x_wconf 84' lang='lat' dir='ltr'><strong>sat.</strong></span> <span class='ocrx_word' id='word_1_284' title='bbox 2172 1835 2245 1905; x_wconf 83' lang='grc'><strong>3)</strong></span> 
     </span>
     <span class='ocr_line' id='line_1_55' title="bbox 1258 1915 2247 1972; baseline -0.002 -1"><span class='ocrx_word' id='word_1_285' title='bbox 1258 1934 1374 1971; x_wconf 81' lang='lat' dir='ltr'><strong>esse</strong></span> <span class='ocrx_word' id='word_1_286' title='bbox 1412 1916 1499 1970; x_wconf 81' lang='lat' dir='ltr'><strong>vel</strong></span> <span class='ocrx_word' id='word_1_287' title='bbox 1535 1916 1593 1969; x_wconf 86' lang='lat' dir='ltr'><strong>in</strong></span> <span class='ocrx_word' id='word_1_288' title='bbox 1632 1934 1795 1969; x_wconf 85' lang='lat' dir='ltr'><strong>sensu</strong></span> <span class='ocrx_word' id='word_1_289' title='bbox 1832 1915 2099 1972; x_wconf 82' lang='lat' dir='ltr'><strong>latissimo</strong></span> <span class='ocrx_word' id='word_1_290' title='bbox 2132 1934 2247 1969; x_wconf 84' lang='lat' dir='ltr'><strong>ser-</strong></span> 
     </span>
     <span class='ocr_line' id='line_1_56' title="bbox 1255 1995 2246 2068; baseline -0.001 -18"><span class='ocrx_word' id='word_1_291' title='bbox 1255 2013 1421 2060; x_wconf 76' lang='lat' dir='ltr'><strong>vum,</strong></span> <span class='ocrx_word' id='word_1_292' title='bbox 1456 1995 1692 2068; x_wconf 86' lang='lat' dir='ltr'><strong>ideoque</strong></span> <span class='ocrx_word' id='word_1_293' title='bbox 1718 1995 1785 2048; x_wconf 79' lang='lat' dir='ltr'><strong>ab</strong></span> <span class='ocrx_word' id='word_1_294' title='bbox 1822 1995 1978 2049; x_wconf 87' lang='lat' dir='ltr'><strong>aditu</strong></span> <span class='ocrx_word' id='word_1_295' title='bbox 2003 1995 2246 2068; x_wconf 85' lang='lat' dir='ltr'><strong>pbiloso-</strong></span> 
     </span>
     <span class='ocr_line' id='line_1_57' title="bbox 1255 2075 2247 2150; baseline 0 -20"><span class='ocrx_word' id='word_1_296' title='bbox 1255 2077 1401 2150; x_wconf 76' lang='lat' dir='ltr'><strong>phiae</strong></span> <span class='ocrx_word' id='word_1_297' title='bbox 1420 2076 1619 2130; x_wconf 82' lang='lat' dir='ltr'><strong>merito</strong></span> <span class='ocrx_word' id='word_1_298' title='bbox 1638 2075 1936 2130; x_wconf 85' lang='lat' dir='ltr'><strong>arcendum</strong></span> <span class='ocrx_word' id='word_1_299' title='bbox 1952 2114 1967 2140; x_wconf 92' lang='lat'><strong>‚</strong></span> <span class='ocrx_word' id='word_1_300' title='bbox 1990 2076 2169 2129; x_wconf 86' lang='lat' dir='ltr'><strong>donec</strong></span> <span class='ocrx_word' id='word_1_301' title='bbox 2190 2095 2247 2130; x_wconf 86' lang='lat' dir='ltr'><strong>se</strong></span> 
     </span>
     <span class='ocr_line' id='line_1_58' title="bbox 1257 2155 2247 2222; baseline -0.002 -10"><span class='ocrx_word' id='word_1_302' title='bbox 1257 2157 1625 2212; x_wconf 72' lang='lat' dir='ltr'><strong>vindicaverit</strong></span> <span class='ocrx_word' id='word_1_303' title='bbox 1641 2157 1700 2210; x_wconf 89' lang='lat' dir='ltr'><strong>in</strong></span> <span class='ocrx_word' id='word_1_304' title='bbox 1728 2158 2034 2211; x_wconf 84' lang='lat' dir='ltr'><strong>libertatem</strong></span> <span class='ocrx_word' id='word_1_305' title='bbox 2048 2197 2065 2222; x_wconf 89' lang='lat'><strong>,</strong></span> <span class='ocrx_word' id='word_1_306' title='bbox 2084 2155 2247 2210; x_wconf 79' lang='lat' dir='ltr'><strong>vitio-</strong></span> 
     </span>
     <span class='ocr_line' id='line_1_59' title="bbox 1255 2239 2246 2312; baseline -0.004 -18"><span class='ocrx_word' id='word_1_307' title='bbox 1255 2258 1499 2312; x_wconf 81' lang='lat' dir='ltr'><strong>rumque</strong></span> <span class='ocrx_word' id='word_1_308' title='bbox 1537 2257 1568 2292; x_wconf 90' lang='lat' dir='ltr'><strong>a</strong></span> <span class='ocrx_word' id='word_1_309' title='bbox 1612 2239 1875 2294; x_wconf 79' lang='lat' dir='ltr'><strong>servitute</strong></span> <span class='ocrx_word' id='word_1_310' title='bbox 1918 2257 1973 2292; x_wconf 85' lang='lat' dir='ltr'><strong>se</strong></span> <span class='ocrx_word' id='word_1_311' title='bbox 2018 2239 2246 2293; x_wconf 87' lang='lat' dir='ltr'><strong>omnino</strong></span> 
     </span>
     <span class='ocr_line' id='line_1_60' title="bbox 1255 2322 2249 2395; baseline -0.002 -20"><span class='ocrx_word' id='word_1_312' title='bbox 1255 2322 1565 2389; x_wconf 51' lang='lat' dir='ltr'><strong>exemerim</strong></span> <span class='ocrx_word' id='word_1_313' title='bbox 1602 2341 1724 2395; x_wconf 77' lang='lat' dir='ltr'><strong>quae</strong></span> <span class='ocrx_word' id='word_1_314' title='bbox 1765 2322 2029 2395; x_wconf 80' lang='lat' dir='ltr'><strong>purgatio.</strong></span> <span class='ocrx_word' id='word_1_315' title='bbox 2060 2340 2249 2374; x_wconf 76' lang='lat' dir='ltr'><strong>neces-</strong></span> 
     </span>
     <span class='ocr_line' id='line_1_61' title="bbox 1257 2401 2291 2475; baseline -0.002 -21"><span class='ocrx_word' id='word_1_316' title='bbox 1257 2401 1395 2455; x_wconf 81' lang='lat' dir='ltr'><strong>saria</strong></span> <span class='ocrx_word' id='word_1_317' title='bbox 1406 2420 1635 2473; x_wconf 81' lang='lat' dir='ltr'><strong>prorsus</strong></span> <span class='ocrx_word' id='word_1_318' title='bbox 1644 2404 2078 2475; x_wconf 53' lang='lat' dir='ltr'><strong>esnpriusquam</strong></span> <span class='ocrx_word' id='word_1_319' title='bbox 2092 2418 2249 2454; x_wconf 82' lang='lat' dir='ltr'><strong>aures</strong></span> <span class='ocrx_word' id='word_1_320' title='bbox 2288 2440 2291 2451; x_wconf 94' lang='lat'><em>.</em></span> 
     </span>
     <span class='ocr_line' id='line_1_62' title="bbox 1257 2482 2243 2555; baseline -0.002 -20"><span class='ocrx_word' id='word_1_321' title='bbox 1257 2484 1380 2554; x_wconf 80' lang='lat' dir='ltr'><strong>ejus</strong></span> <span class='ocrx_word' id='word_1_322' title='bbox 1408 2484 1567 2555; x_wconf 77' lang='lat' dir='ltr'><strong>fruge</strong></span> <span class='ocrx_word' id='word_1_323' title='bbox 1592 2482 1883 2537; x_wconf 70' lang='lat' dir='ltr'><strong>Cleanthea</strong></span> <span class='ocrx_word' id='word_1_324' title='bbox 1912 2484 2243 2535; x_wconf 81' lang='lat' dir='ltr'><strong>inserantur.</strong></span> 
     </span>
     <span class='ocr_line' id='line_1_63' title="bbox 1260 2562 2248 2623; baseline 0.003 -12"><span class='ocrx_word' id='word_1_325' title='bbox 1260 2566 1453 2612; x_wconf 59' lang='lat' dir='ltr'><strong>-a-Non</strong></span> <span class='ocrx_word' id='word_1_326' title='bbox 1482 2563 1578 2613; x_wconf 65' lang='lat' dir='ltr'><strong>hac</strong></span> <span class='ocrx_word' id='word_1_327' title='bbox 1606 2578 1685 2623; x_wconf 79' lang='lat' dir='ltr'><strong>ut,</strong></span> <span class='ocrx_word' id='word_1_328' title='bbox 1712 2578 1805 2615; x_wconf 77' lang='lat' dir='ltr'><strong>etc.</strong></span> <span class='ocrx_word' id='word_1_329' title='bbox 1838 2564 1997 2615; x_wconf 73' lang='lat' dir='ltr'><strong>V‘erae</strong></span> <span class='ocrx_word' id='word_1_330' title='bbox 2029 2562 2248 2614; x_wconf 68' lang='lat' dir='ltr'><strong>liberta-</strong></span> 
     </span>
     <span class='ocr_line' id='line_1_64' title="bbox 1263 2640 2251 2713; baseline 0 -20"><span class='ocrx_word' id='word_1_331' title='bbox 1263 2642 1332 2693; x_wconf 85' lang='lat' dir='ltr'><strong>tis</strong></span> <span class='ocrx_word' id='word_1_332' title='bbox 1357 2640 1630 2693; x_wconf 80' lang='lat' dir='ltr'><strong>deflnitio.</strong></span> <span class='ocrx_word' id='word_1_333' title='bbox 1652 2642 1835 2712; x_wconf 83' lang='lat' dir='ltr'><strong>Hujus</strong></span> <span class='ocrx_word' id='word_1_334' title='bbox 1856 2641 2251 2713; x_wconf 64' lang='lat' dir='ltr'><strong>propositionis</strong></span> 
     </span>
     <span class='ocr_line' id='line_1_65' title="bbox 1263 2719 2253 2773; baseline 0 0"><span class='ocrx_word' id='word_1_335' title='bbox 1263 2720 1719 2773; x_wconf 78' lang='lat' dir='ltr'><strong>commentarium</strong></span> <span class='ocrx_word' id='word_1_336' title='bbox 1742 2719 1895 2772; x_wconf 84' lang='lat' dir='ltr'><strong>dedit</strong></span> <span class='ocrx_word' id='word_1_337' title='bbox 1918 2720 2154 2773; x_wconf 78' lang='lat' dir='ltr'><strong>Ter-tull.</strong></span> <span class='ocrx_word' id='word_1_338' title='bbox 2179 2719 2253 2773; x_wconf 83' lang='lat' dir='ltr'><strong>de</strong></span> 
     </span>
     <span class='ocr_line' id='line_1_66' title="bbox 1263 2802 2259 2867; baseline -0.003 -14"><span class='ocrx_word' id='word_1_339' title='bbox 1263 2802 1579 2855; x_wconf 81' lang='lat' dir='ltr'><strong>Resurrect.</strong></span> <span class='ocrx_word' id='word_1_340' title='bbox 1624 2804 1870 2852; x_wconf 79' lang='lat' dir='ltr'><strong>Libertate</strong></span> <span class='ocrx_word' id='word_1_341' title='bbox 1912 2820 2033 2867; x_wconf 81' lang='lat' dir='ltr'><strong>opus</strong></span> <span class='ocrx_word' id='word_1_342' title='bbox 2075 2815 2149 2853; x_wconf 73' lang='lat' dir='ltr'><strong>est</strong></span> <span class='ocrx_word' id='word_1_343' title='bbox 2182 2802 2259 2851; x_wconf 77' lang='lat' dir='ltr'><strong>ad</strong></span> 
     </span>
    </p>
   </div>
   <div class='ocr_carea' id='block_1_6' title="bbox 1255 2879 2251 2946">
    <p class='ocr_par' dir='ltr' id='par_1_7' title="bbox 1255 2879 2251 2946">
     <span class='ocr_line' id='line_1_67' title="bbox 1255 2879 2251 2946; baseline -0.004 -13"><span class='ocrx_word' id='word_1_344' title='bbox 1255 2885 1504 2933; x_wconf 64' lang='lat' dir='ltr'><strong>virtutem</strong></span> <span class='ocrx_word' id='word_1_345' title='bbox 1522 2918 1541 2941; x_wconf 86' lang='lat'><strong>,</strong></span> <span class='ocrx_word' id='word_1_346' title='bbox 1576 2882 1745 2946; x_wconf 77' lang='lat' dir='ltr'><strong>inquit</strong></span> <span class='ocrx_word' id='word_1_347' title='bbox 1784 2882 1981 2931; x_wconf 66' lang='lat' dir='ltr'><strong>Persius</strong></span> <span class='ocrx_word' id='word_1_348' title='bbox 1994 2916 2012 2939; x_wconf 88' lang='lat'><strong>,</strong></span> <span class='ocrx_word' id='word_1_349' title='bbox 2048 2898 2149 2930; x_wconf 81' lang='lat' dir='ltr'><strong>non</strong></span> <span class='ocrx_word' id='word_1_350' title='bbox 2186 2879 2251 2931; x_wconf 63' lang='lat' dir='ltr'><strong>ed</strong></span> 
     </span>
    </p>
   </div>
   <div class='ocr_carea' id='block_1_7' title="bbox 1267 2961 2255 3663">
    <p class='ocr_par' dir='ltr' id='par_1_8' title="bbox 1267 2961 2255 3663">
     <span class='ocr_line' id='line_1_68' title="bbox 1268 2961 2253 3029; baseline -0.003 -17"><span class='ocrx_word' id='word_1_351' title='bbox 1268 2961 1374 3029; x_wconf 66' lang='lat' dir='ltr'><strong>qud</strong></span> <span class='ocrx_word' id='word_1_352' title='bbox 1387 2962 1513 3013; x_wconf 78' lang='lat' dir='ltr'><strong>servi</strong></span> <span class='ocrx_word' id='word_1_353' title='bbox 1535 2963 1815 3023; x_wconf 76' lang='lat' dir='ltr'><strong>donantur,</strong></span> <span class='ocrx_word' id='word_1_354' title='bbox 1836 2972 1889 3009; x_wconf 81' lang='lat' dir='ltr'><strong>ec</strong></span> <span class='ocrx_word' id='word_1_355' title='bbox 1904 2962 2253 3011; x_wconf 69' lang='lat' dir='ltr'><strong>adscribuntur</strong></span> 
     </span>
     <span class='ocr_line' id='line_1_69' title="bbox 1270 3041 2251 3108; baseline -0.004 -14"><span class='ocrx_word' id='word_1_356' title='bbox 1270 3046 1361 3094; x_wconf 74' lang='lat' dir='ltr'><strong>uni</strong></span> <span class='ocrx_word' id='word_1_357' title='bbox 1383 3046 1601 3093; x_wconf 71' lang='lat' dir='ltr'><strong>tribuum</strong></span> <span class='ocrx_word' id='word_1_358' title='bbox 1615 3078 1632 3105; x_wconf 90' lang='lat'>‚</span> <span class='ocrx_word' id='word_1_359' title='bbox 1650 3052 1780 3108; x_wconf 72' lang='lat' dir='ltr'><strong>puta</strong></span> <span class='ocrx_word' id='word_1_360' title='bbox 1804 3041 2089 3090; x_wconf 55' lang='grc' dir='ltr'><strong>ναῦτα-</strong></span> <span class='ocrx_word' id='word_1_361' title='bbox 2105 3043 2251 3104; x_wconf 80' lang='lat' dir='ltr'><strong>Quis-</strong></span> 
     </span>
     <span class='ocr_line' id='line_1_70' title="bbox 1269 3120 2253 3191; baseline 0.001 -18"><span class='ocrx_word' id='word_1_362' title='bbox 1269 3143 1367 3191; x_wconf 79' lang='lat' dir='ltr'><strong>que</strong></span> <span class='ocrx_word' id='word_1_363' title='bbox 1412 3121 1601 3173; x_wconf 69' lang='lat' dir='ltr'><strong>Velind.</strong></span> <span class='ocrx_word' id='word_1_364' title='bbox 1632 3120 1761 3172; x_wconf 81' lang='lat' dir='ltr'><strong>Vct.</strong></span> <span class='ocrx_word' id='word_1_365' title='bbox 1792 3120 1964 3173; x_wconf 86' lang='lat' dir='ltr'><strong>schol.</strong></span> <span class='ocrx_word' id='word_1_366' title='bbox 2006 3144 2029 3165; x_wconf 77' lang='grc' dir='ltr'>ι</span> <span class='ocrx_word' id='word_1_367' title='bbox 2054 3120 2253 3174; x_wconf 69' lang='lat' dir='ltr'><strong>velina</strong></span> 
     </span>
     <span class='ocr_line' id='line_1_71' title="bbox 1273 3197 2252 3256; baseline -0.002 -3"><span class='ocrx_word' id='word_1_368' title='bbox 1273 3229 1296 3253; x_wconf 77' lang='grc' dir='ltr'>ι</span> <span class='ocrx_word' id='word_1_369' title='bbox 1319 3202 1495 3256; x_wconf 81' lang='lat' dir='ltr'><strong>tribus</strong></span> <span class='ocrx_word' id='word_1_370' title='bbox 1512 3219 1747 3255; x_wconf 86' lang='lat' dir='ltr'><strong>numero</strong></span> <span class='ocrx_word' id='word_1_371' title='bbox 1759 3197 1989 3252; x_wconf 82' lang='lat' dir='ltr'><strong>aliarum</strong></span> <span class='ocrx_word' id='word_1_372' title='bbox 2003 3200 2220 3251; x_wconf 83' lang='lat' dir='ltr'><strong>accessit</strong></span> <span class='ocrx_word' id='word_1_373' title='bbox 2234 3202 2252 3251; x_wconf 69' lang='grc' dir='ltr'><strong>τ’</strong></span> 
     </span>
     <span class='ocr_line' id='line_1_72' title="bbox 1269 3280 2253 3355; baseline 0 -23"><span class='ocrx_word' id='word_1_374' title='bbox 1269 3310 1292 3332; x_wconf 68' lang='grc' dir='ltr'>ι</span> <span class='ocrx_word' id='word_1_375' title='bbox 1312 3296 1367 3337; x_wconf 88' lang='lat' dir='ltr'><strong>et</strong></span> <span class='ocrx_word' id='word_1_376' title='bbox 1390 3283 1488 3355; x_wconf 87' lang='lat' dir='ltr'><strong>qui</strong></span> <span class='ocrx_word' id='word_1_377' title='bbox 1508 3283 1649 3337; x_wconf 84' lang='lat' dir='ltr'><strong>circa</strong></span> <span class='ocrx_word' id='word_1_378' title='bbox 1663 3281 1928 3334; x_wconf 87' lang='lat' dir='ltr'><strong>Velinum</strong></span> <span class='ocrx_word' id='word_1_379' title='bbox 1956 3280 2133 3333; x_wconf 87' lang='lat' dir='ltr'><strong>lacum</strong></span> <span class='ocrx_word' id='word_1_380' title='bbox 2157 3281 2253 3332; x_wconf 82' lang='lat' dir='ltr'><strong>ha-</strong></span> 
     </span>
     <span class='ocr_line' id='line_1_73' title="bbox 1267 3356 2252 3421; baseline 0.002 -12"><span class='ocrx_word' id='word_1_381' title='bbox 1267 3381 1290 3409; x_wconf 69' lang='grc' dir='ltr'>ι</span> <span class='ocrx_word' id='word_1_382' title='bbox 1310 3360 1584 3421; x_wconf 57' lang='lat' dir='ltr'><strong>hiabant,</strong></span> <span class='ocrx_word' id='word_1_383' title='bbox 1598 3360 1826 3411; x_wconf 86' lang='lat' dir='ltr'><strong>Romam</strong></span> <span class='ocrx_word' id='word_1_384' title='bbox 1845 3356 2085 3409; x_wconf 83' lang='lat' dir='ltr'><strong>translati</strong></span> <span class='ocrx_word' id='word_1_385' title='bbox 2103 3368 2252 3411; x_wconf 81' lang='lat' dir='ltr'><strong>sunt.</strong></span> 
     </span>
     <span class='ocr_line' id='line_1_74' title="bbox 1269 3435 2252 3513; baseline -0.001 -24"><span class='ocrx_word' id='word_1_386' title='bbox 1269 3468 1292 3489; x_wconf 67' lang='grc' dir='ltr'>ι</span> <span class='ocrx_word' id='word_1_387' title='bbox 1313 3442 1500 3499; x_wconf 80' lang='lat' dir='ltr'><strong>Romae</strong></span> <span class='ocrx_word' id='word_1_388' title='bbox 1522 3452 1703 3493; x_wconf 85' lang='lat' dir='ltr'><strong>autem</strong></span> <span class='ocrx_word' id='word_1_389' title='bbox 1732 3452 1846 3513; x_wconf 68' lang='lat' dir='ltr'><strong>erat</strong></span> <span class='ocrx_word' id='word_1_390' title='bbox 1872 3435 2213 3489; x_wconf 82' lang='lat' dir='ltr'><strong>consuetudo</strong></span> <span class='ocrx_word' id='word_1_391' title='bbox 2232 3472 2252 3499; x_wconf 77' lang='lat'><strong>,</strong></span> 
     </span>
     <span class='ocr_line' id='line_1_75' title="bbox 1271 3518 2255 3595; baseline -0.001 -24"><span class='ocrx_word' id='word_1_392' title='bbox 1271 3549 1294 3571; x_wconf 68' lang='grc' dir='ltr'>ι</span> <span class='ocrx_word' id='word_1_393' title='bbox 1319 3538 1385 3577; x_wconf 89' lang='lat' dir='ltr'><strong>ut</strong></span> <span class='ocrx_word' id='word_1_394' title='bbox 1413 3522 1512 3595; x_wconf 87' lang='lat' dir='ltr'><strong>qui</strong></span> <span class='ocrx_word' id='word_1_395' title='bbox 1549 3540 1619 3574; x_wconf 81' lang='lat' dir='ltr'><strong>ex</strong></span> <span class='ocrx_word' id='word_1_396' title='bbox 1648 3518 2071 3573; x_wconf 84' lang='lat' dir='ltr'><strong>manumissione</strong></span> <span class='ocrx_word' id='word_1_397' title='bbox 2106 3518 2255 3570; x_wconf 77' lang='lat' dir='ltr'><strong>cives</strong></span> 
     </span>
     <span class='ocr_line' id='line_1_76' title="bbox 1271 3598 2253 3663; baseline -0.007 -6"><span class='ocrx_word' id='word_1_398' title='bbox 1271 3630 1294 3651; x_wconf 72' lang='grc' dir='ltr'>ι</span> <span class='ocrx_word' id='word_1_399' title='bbox 1315 3603 1550 3656; x_wconf 83' lang='lat' dir='ltr'><strong>Romani</strong></span> <span class='ocrx_word' id='word_1_400' title='bbox 1591 3600 1971 3655; x_wconf 81' lang='lat' dir='ltr'><strong>efficiebantur</strong></span> <span class='ocrx_word' id='word_1_401' title='bbox 1997 3633 2015 3663; x_wconf 89' lang='lat'><strong>,</strong></span> <span class='ocrx_word' id='word_1_402' title='bbox 2048 3598 2107 3649; x_wconf 89' lang='lat' dir='ltr'><strong>in</strong></span> <span class='ocrx_word' id='word_1_403' title='bbox 2144 3616 2253 3651; x_wconf 84' lang='lat' dir='ltr'><strong>nu·-</strong></span> 
     </span>
    </p>
   </div>
   <div class='ocr_carea' id='block_1_8' title="bbox 1257 3679 2253 3738">
    <p class='ocr_par' dir='ltr' id='par_1_9' title="bbox 1257 3679 2253 3738">
     <span class='ocr_line' id='line_1_77' title="bbox 1257 3679 2253 3738; baseline -0.008 1"><span class='ocrx_word' id='word_1_404' title='bbox 1257 3711 1296 3732; x_wconf 68' lang='lat' dir='ltr'><strong>⁴a</strong></span> <span class='ocrx_word' id='word_1_405' title='bbox 1317 3705 1471 3738; x_wconf 89' lang='lat' dir='ltr'><strong>mero</strong></span> <span class='ocrx_word' id='word_1_406' title='bbox 1498 3684 1706 3737; x_wconf 75' lang='lat' dir='ltr'><strong>civium</strong></span> <span class='ocrx_word' id='word_1_407' title='bbox 1734 3682 2103 3733; x_wconf 82' lang='lat' dir='ltr'><strong>Romanorum</strong></span> <span class='ocrx_word' id='word_1_408' title='bbox 2132 3679 2253 3731; x_wconf 84' lang='lat' dir='ltr'><strong>fru-</strong></span> 
     </span>
    </p>
   </div>
   <div class='ocr_carea' id='block_1_9' title="bbox 1274 3758 2251 3834">
    <p class='ocr_par' dir='ltr' id='par_1_10' title="bbox 1274 3758 2251 3834">
     <span class='ocr_line' id='line_1_78' title="bbox 1274 3758 2251 3834; baseline -0.008 -20"><span class='ocrx_word' id='word_1_409' title='bbox 1274 3790 1297 3814; x_wconf 76' lang='grc' dir='ltr'>ι</span> <span class='ocrx_word' id='word_1_410' title='bbox 1319 3776 1569 3817; x_wconf 84' lang='lat' dir='ltr'><strong>mentum</strong></span> <span class='ocrx_word' id='word_1_411' title='bbox 1588 3760 1879 3834; x_wconf 87' lang='lat' dir='ltr'><strong>publicum</strong></span> <span class='ocrx_word' id='word_1_412' title='bbox 1890 3758 2213 3830; x_wconf 82' lang='lat' dir='ltr'><strong>acciperent.</strong></span> <span class='ocrx_word' id='word_1_413' title='bbox 2226 3780 2251 3806; x_wconf 71' lang='grc' dir='ltr'>ι</span> 
     </span>
    </p>
   </div>
   <div class='ocr_carea' id='block_1_10' title="bbox 197 3929 2252 4171">
    <p class='ocr_par' dir='ltr' id='par_1_11' title="bbox 197 3929 2252 4171">
     <span class='ocr_line' id='line_1_79' title="bbox 265 3929 2252 4009; baseline -0.007 -16"><span class='ocrx_word' id='word_1_414' title='bbox 265 3948 332 3993; x_wconf 79' lang='lat' dir='ltr'><strong>V.</strong></span> <span class='ocrx_word' id='word_1_415' title='bbox 358 3946 443 4005; x_wconf 80' lang='lat'><strong>73.</strong></span> <span class='ocrx_word' id='word_1_416' title='bbox 467 3943 580 3993; x_wconf 84' lang='lat' dir='ltr'><strong>Non</strong></span> <span class='ocrx_word' id='word_1_417' title='bbox 605 3938 703 3989; x_wconf 75' lang='grc' dir='ltr'><strong>Ιιᾶο</strong></span> <span class='ocrx_word' id='word_1_418' title='bbox 716 3975 732 3998; x_wconf 83' lang='grc'><em>,</em></span> <span class='ocrx_word' id='word_1_419' title='bbox 755 3952 813 3989; x_wconf 79' lang='lat' dir='ltr'><strong>ut</strong></span> <span class='ocrx_word' id='word_1_420' title='bbox 831 3938 1039 4004; x_wconf 77' lang='lat' dir='ltr'><strong>quisque</strong></span> <span class='ocrx_word' id='word_1_421' title='bbox 1071 3936 1260 3985; x_wconf 76' lang='lat' dir='ltr'><strong>Velina.</strong></span> <span class='ocrx_word' id='word_1_422' title='bbox 1290 3938 1364 3983; x_wconf 80' lang='lat' dir='ltr'><strong>Ita</strong></span> <span class='ocrx_word' id='word_1_423' title='bbox 1396 3930 1574 3999; x_wconf 87' lang='lat' dir='ltr'><strong>optimi</strong></span> <span class='ocrx_word' id='word_1_424' title='bbox 1609 3940 1660 3978; x_wconf 90' lang='lat' dir='ltr'><strong>et</strong></span> <span class='ocrx_word' id='word_1_425' title='bbox 1686 3930 2011 4009; x_wconf 71' lang='lat' dir='ltr'><strong>vetustissimi</strong></span> <span class='ocrx_word' id='word_1_426' title='bbox 2038 3929 2252 3979; x_wconf 83' lang='lat' dir='ltr'><strong>codices.</strong></span> 
     </span>
     <span class='ocr_line' id='line_1_80' title="bbox 197 4010 2250 4083; baseline -0.007 -10"><span class='ocrx_word' id='word_1_427' title='bbox 197 4026 378 4073; x_wconf 69' lang='lat' dir='ltr'><strong>Noster</strong></span> <span class='ocrx_word' id='word_1_428' title='bbox 409 4022 588 4080; x_wconf 82' lang='lat' dir='ltr'><strong>habet,</strong></span> <span class='ocrx_word' id='word_1_429' title='bbox 611 4039 711 4073; x_wconf 80' lang='lat' dir='ltr'><strong>non</strong></span> <span class='ocrx_word' id='word_1_430' title='bbox 740 4018 864 4079; x_wconf 67' lang='lat' dir='ltr'><strong>hdo,</strong></span> <span class='ocrx_word' id='word_1_431' title='bbox 891 4015 993 4083; x_wconf 66' lang='lat' dir='ltr'><strong>qud</strong></span> <span class='ocrx_word' id='word_1_432' title='bbox 1009 4053 1028 4075; x_wconf 89' lang='lat'><strong>,</strong></span> <span class='ocrx_word' id='word_1_433' title='bbox 1051 4029 1141 4066; x_wconf 77' lang='lat' dir='ltr'><strong>etc.</strong></span> <span class='ocrx_word' id='word_1_434' title='bbox 1169 4020 1242 4065; x_wconf 85' lang='lat' dir='ltr'><strong>Ita</strong></span> <span class='ocrx_word' id='word_1_435' title='bbox 1265 4014 1479 4068; x_wconf 77' lang='lat' dir='ltr'><strong>,Pithoei</strong></span> <span class='ocrx_word' id='word_1_436' title='bbox 1504 4011 1614 4060; x_wconf 81' lang='lat' dir='ltr'><strong>cod.</strong></span> <span class='ocrx_word' id='word_1_437' title='bbox 1642 4011 1777 4069; x_wconf 75' lang='lat'><strong>8072</strong></span> <span class='ocrx_word' id='word_1_438' title='bbox 1794 4043 1809 4066; x_wconf 93' lang='lat'><strong>‚</strong></span> <span class='ocrx_word' id='word_1_439' title='bbox 1832 4020 1881 4056; x_wconf 88' lang='lat' dir='ltr'><strong>et</strong></span> <span class='ocrx_word' id='word_1_440' title='bbox 1904 4012 2062 4069; x_wconf 76' lang='lat'><strong>8273.</strong></span> <span class='ocrx_word' id='word_1_441' title='bbox 2090 4010 2250 4062; x_wconf 74' lang='lat' dir='ltr'>Codd.</span> 
     </span>
     <span class='ocr_line' id='line_1_81' title="bbox 208 4086 1991 4171; baseline -0.011 -18"><span class='ocrx_word' id='word_1_442' title='bbox 208 4103 339 4153; x_wconf 85' lang='lat'><strong>8050</strong></span> <span class='ocrx_word' id='word_1_443' title='bbox 356 4138 372 4163; x_wconf 92' lang='lat'><strong>,</strong></span> <span class='ocrx_word' id='word_1_444' title='bbox 395 4102 536 4159; x_wconf 78' lang='lat'><strong>8246</strong></span> <span class='ocrx_word' id='word_1_445' title='bbox 553 4134 568 4161; x_wconf 91' lang='lat'><strong>,</strong></span> <span class='ocrx_word' id='word_1_446' title='bbox 598 4102 734 4163; x_wconf 82' lang='lat'><strong>8293</strong></span> <span class='ocrx_word' id='word_1_447' title='bbox 755 4134 770 4160; x_wconf 86' lang='lat'><strong>,</strong></span> <span class='ocrx_word' id='word_1_448' title='bbox 789 4116 888 4171; x_wconf 61' lang='grc' dir='ltr'><strong>ηομ</strong></span> <span class='ocrx_word' id='word_1_449' title='bbox 909 4094 1005 4145; x_wconf 69' lang='lat' dir='ltr'><strong>lide</strong></span> <span class='ocrx_word' id='word_1_450' title='bbox 1026 4096 1178 4162; x_wconf 71' lang='lat' dir='ltr'><strong>quizm</strong></span> <span class='ocrx_word' id='word_1_451' title='bbox 1191 4130 1209 4154; x_wconf 88' lang='lat'><strong>,</strong></span> <span class='ocrx_word' id='word_1_452' title='bbox 1233 4106 1327 4143; x_wconf 80' lang='lat' dir='ltr'><strong>ecc.</strong></span> <span class='ocrx_word' id='word_1_453' title='bbox 1346 4094 1418 4145; x_wconf 78' lang='lat' dir='ltr'><strong>At</strong></span> <span class='ocrx_word' id='word_1_454' title='bbox 1438 4090 1536 4140; x_wconf 83' lang='lat' dir='ltr'><strong>vid.</strong></span> <span class='ocrx_word' id='word_1_455' title='bbox 1558 4086 1991 4139; x_wconf 79' lang='lat' dir='ltr'><strong>commentarium.</strong></span> 
     </span>
    </p>
   </div>
  </div>
 </body>
</html>
