2775 4619
905 423 1034 525 Pr.
1050 424 1166 504 ΑΕ
1187 439 1387 505 FAT
1405 435 1439 505 1
1460 419 1540 511 ὁ.
2035 429 2040 439 ’
2163 448 2226 534 xj

262 579 377 652 De
408 555 875 654 obscuritate
904 562 1134 655 Persi-i
1162 563 1616 680 jamdudum
1639 567 2228 684 conqueruntur

170 690 442 787 critici.
478 712 620 788 Sed
650 770 671 804 ,
708 729 798 788 ut
831 719 1044 788 recte·
1065 715 1492 790 observavit·
1515 696 1880 817 Vulpius,
1916 721 2000 793 i'n
2027 707 2225 795 libro

162 873 303 924 suo
348 847 455 920 de
497 850 737 921 Satira
779 837 1049 923 Latina·
1084 849 1202 952 (p.
1264 849 1489 950 153),
1532 872 1620 924 ea
1662 833 1928 951 opinio
1970 852 2066 926 ab
2106 856 2223 927 in·

162 981 381 1054 scitia
446 996 524 1053 et
577 967 1031 1082 negligentia
1101 958 1487 1058 lectoru'm-
1543 986 1808 1084 potius
1875 988 2106 1084 quarn
2137 983 2224 1059 fla

156 1119 387 1212 poeta
451 1114 625 1212 ipso‘
674 1116 1049 1215 originem
1107 1115 1391 1191 duxit.
1455 1107 1960 1202 nihilominus
2018 1117 2224 1192 idem

158 1249 477 1322 criticus
515 1261 667 1320 tres
709 1270 969 1322 causas
1011 1225 1498 1324 obscuritatis
1535 1250 1911 1366 Persianae
1947 1252 2030 1322 in
2063 1273 2222 1325 me-

158 1379 382 1454 dium
424 1377 682 1472 affert,
712 1398 1043 1481 quatum
1080 1406 1313 1456 unam
1352 1385 1502 1484 ipsi
1531 1359 1854 1481 assignat
1883 1383 2216 1474 auctori,

156 1513 477 1588 alteram
514 1511 961 1608 lectoribus,
997 1519 1298 1590 tertiam
1334 1515 1908 1616 interpretibus.
1940 1517 2034 1589 Et
2067 1516 2222 1616 pri·

154 1671 376 1720 mum
403 1702 428 1738 ,
474 1645 717 1720 multa
774 1661 956 1720 sunt
1014 1673 1183 1749 quae
1239 1650 1578 1722 P'ersium
1637 1637 2052 1722 obscurum
2108 1647 2218 1721 fa·

18 1859 24 1864 ,
152 1785 374 1866 ciunt
408 1807 427 1855 τ
476 1783 849 1882 imprimis
870 1838 891 1874 ,
926 1781 1161 1857 dictio
1207 1783 1500 1884 tropica
1527 1769 1556 1874 ‚'
1588 1781 1915 1854 erud-itio
1952 1804 2216 1855 recon-

155 1917 367 2009 dita,
408 1931 485 1990 et
528 1909 944 2017 βραχυλογία,
977 1891 1112 1992 seu
1150 1893 1784 2018 brevrloquentia.
1820 1921 1928 1988 Ex
1964 1917 2219 1992 stoicis

148 2052 516 2127 hauserat
568 2055 1015 2162 gravitatem·
1062 2049 1912 2164 magnificentiamque,
1966 2047 2218 2120 erudi·
2240 2048 2242 2054 ’

148 2187 490 2275 tionem,
522 2208 607 2256 ac
634 2186 1050 2285 praesertim
1082 2183 1280 2257 ha‘nc
1307 2181 1811 2257 brevitatem
1790 2207 1872 2256 ιιι
1896 2180 2215 2282 loquen-

144 2321 287 2412 do,
339 2344 577 2419 qnam
612 2322 892 2420 passim
946 2292 1426 2395 affectabant.
1469 2326 1872 2411 Praeterea,
1905 2319 2216 2395 transla-

146 2455 405 2527 tiones
430 2452 880 2545 verborum,
912 2470 989 2529 et
1017 2452 1498 2528 locutionum
1523 2469 1738 2565 grata
1763 2451 2112 2555 quaedam
2129 2464 2220 2526 et

142 2602 479 2661 venusta
528 2586 947 2661 obscuritas
1004 2590 1110 2661 eis
1166 2580 1754 2689 perpfacebant‚
1789 2591 1873 2660 in
1931 2586 2218 2687 quibus

146 2744 353 2821 saepe
392 2734 745 2827 constant
774 2724 889 2794 vis
933 2732 1011 2793 et
1054 2722 1510 2812 acrimonia,
1559 2742 1884 2833 quaeque
1929 2720 2012 2793 in
2055 2719 2214 2792 dia-

138 2822 598 2928 lecticorum
645 2856 1027 2927 senticetis
1048 2910 1069 2946 ,
1110 2850 1357 2954 quam'
1391 2856 1474 2927 in
1513 2849 1910 2927 rhetorum
1939 2848 2212 2925 virida·
2312 2853 2320 2864 '

141 2989 278 3060 riis
326 2982 888 3095 frequentiores
930 2998 1136 3059 sunt.
1181 2985 1437 3059 Altera
1482 3000 1703 3059 causa
1733 2987 1815 3060 in
1853 2986 2036 3085 ipsis
2064 2984 2211 3057 lec·

144 3120 477 3195 toribus.
534 3118 879 3221 Plerique
943 3122 1149 3193 enim
1214 3120 1572 3222 imparati·
1625 3120 2027 3218 scriptores
2073 3120 2211 3190 La·-

148 3256 363 3329 tinos
411 3252 693 3329 adeunt
725 3307 746 3343 ,
795 3222 1007 3325 nulla
1043 3252 1321 3352 praevia
1372 3224 1850 3350 antiquitatis
1899 3240 2212 3341 notitia,

139 3388 304 3487 qua
324 3384 651 3475 sublata,
678 3408 817 3461 nec
834 3388 1166 3477 Persiu3‚
1195 3408 1335 3459 nec
1358 3385 1486 3458 alii
1512 3378 1834 3484 possunt
1863 3354 2208 3483 intelligi.
2293 3412 2298 3417 ·

138 3518 489 3593 Multum
537 3522 743 3593 enim
787 3500 1215 3623 discrepant
1271 3521 1464 3592 ritu's
1509 3532 1584 3590 et
1627 3513 2218 3591 consuetudines

134 3668 501 3727 veterum
547 3678 590 3725 a
634 3655 910 3727 nostris
936 3706 957 3745 ,
1002 3676 1251 3755 neque
1297 3676 1390 3725 ex
1436 3640 1777 3724 moribus
1825 3648 2218 3721 hodiernis

130 3786 377 3885 prisci
424 3756 857 3873 aestimandi,
898 3792 1077 3878 sunt
1107 3813 1125 3857 ε
1166 3790 1640 3889 quapropter⁷
1676 3782 1924 3882 ampla
1967 3780 2216 3880 supel-

130 3917 394 3995 lectile
439 3942 640 4019 opus
687 3934 797 3993 est
848 3918 945 4009 ad
989 3918 1567 4021 intelligentiam
1617 3929 1784 3990 tum
1827 3929 2211 4007 veterum,
