2775 4619
530 370 669 437 206ἱ
1044 330 1580 433 sumnum
1643 366 2029 437 sA'rmA.

614 489 1000 585 Aggredior.
1034 491 1351 561 Precibus
1384 491 1704 562 descende
1737 496 1988 563 clientis
2003 544 2024 578 ‚
2055 512 2124 564 et
2157 494 2338 567 audi.

607 608 733 675 Dic
765 608 963 691 mihi,
990 608 1276 698 Calliope
1292 658 1311 691 ‚
1348 609 1666 699 quidnam
1701 627 1887 700 pater
1915 613 2026 677 ille
2053 614 2344 681 Deorum

613 723 915 815 Cogitat?
940 726 1047 789 An
1084 740 1287 790 terras
1322 741 1390 791 et
1421 726 1633 815 patria
1664 728 1894 791 saecula
1929 744 2138 793 mutat
2156 728 2187 792 Ρ

610 842 923 935 Quasque
942 839 1125 908 dedit
1146 840 1482 933 quondam
1501 890 1520 923 ‚
1543 842 1976 909 morientibus
1999 845 2196 934 eripit
2216 862 2382 921 artes
2399 844 2431 909 ,Ρ

608 955 876 1043 Nosque
906 956 1096 1043 jubet
1130 956 1357 1021 tacitos
1374 1005 1395 1037 ,
1423 958 1618 1021 etiam
1645 958 1912 1023 rationis
1939 982 2177 1049 egenos
2499 968 2568 1023 15

608 1054 759 1135 Non
788 1070 973 1135 aliter
988 1118 1007 1153 ‚
1035 1070 1249 1159 primo
1280 1073 1476 1158 quam
1506 1074 1658 1137 ciun
1690 1073 2090 1137 surreximus
2123 1096 2261 1139 aevo
2277 1123 2298 1156 ‚

608 1184 977 1251 Glandibus
996 1232 1017 1266 ‚
1048 1201 1113 1250 et
1152 1208 1331 1274 purae
1366 1208 1590 1251 rursus
1625 1188 2060 1275 procumbere
2095 1188 2377 1278 lymphae
2405 1182 2438 1253 ἓ

609 1302 719 1365 An
748 1300 1027 1388 reliquas
1053 1316 1257 1364 terras
1285 1317 1623 1366 conservat
1657 1302 1905 1367 amicus
1923 1352 1942 1385 ‚
1971 1320 2036 1367 et
2058 1305 2290 1385 urbes,

609 1414 741 1481 Sed
762 1438 967 1505 genus
990 1416 1355 1480 Ausonium
1368 1465 1387 1497 ,
1413 1416 1808 1506 Remulique
1833 1420 2136 1483 exturbat
2157 1421 2460 1485 alumnos
2478 1417 2512 1484 ?

612 1531 795 1615 Quid
816 1548 1190 1623 reputemus
1214 1530 1434 1597 enim?
1457 1534 1606 1597 Duo
1641 1551 1794 1600 sunt
1815 1536 2056 1623 quibus
2078 1536 2310 1613 extulit
2329 1537 2570 1631 ingens

612 1648 823 1711 Roma
844 1662 1068 1739 caput;
1094 1648 1300 1712 virtus
1326 1648 1518 1730 belli,
1541 1665 1608 1715 et
1631 1651 1947 1739 sapientia
1970 1652 2166 1740 pacis.
2497 1680 2564 1715 αι

582 1762 739 1831 „Sed
771 1764 977 1828 virtus
1012 1764 1248 1853 agitata
1284 1763 1501 1845 domi,
1528 1780 1595 1830 et
1629 1766 1975 1831 socialibus
2011 1768 2243 1849 armis,
2317 1829 2324 1847 ,

609 1880 691 1944 In
727 1878 893 1943 freta
924 1877 1227 1959 Sicaniae,
1254 1894 1319 1943 et
1354 1879 1760 1969 Carthaginis
1795 1881 1957 1945 exiit
1988 1902 2203 1963 arces,

609 1996 985 2081 Caeteraque
1021 1993 1330 2083 imperia,
1358 1992 1426 2059 et
1450 2010 1662 2059 totum
1697 1995 1895 2059 simul
1922 1994 2190 2060 abstulit
2219 1995 2472 2061 orbem.

606 2107 897 2189 Deinde,
927 2110 1108 2174 velut
1142 2108 1349 2173 stadio
1380 2109 1590 2173 victor
1624 2110 1742 2198 qui
1777 2109 1954 2173 solus
1988 2110 2229 2175 Achaeo
2495 2117 2564 2173 25

609 2223 907 2314 Languet
926 2271 945 2305 ‚
980 2239 1045 2289 et
1082 2224 1353 2289 immota
1386 2246 1490 2289 sec
1499 2248 1608 2289 um
1635 2224 1875 2290 virtute
1908 2224 2186 2307 fatiscit3

606 2339 715 2404 Sic
747 2338 973 2404 itidem
1000 2341 1293 2404 Romana
1320 2364 1588 2422 manus,
1617 2340 2012 2406 contendere
2038 2358 2389 2430 postquam

504 2433 507 2435 Α
604 2453 868 2521 Destitit
884 2499 905 2538 ‚
939 2470 1007 2520 et
1038 2448 1269 2544 p'acem
1298 2455 1512 2545 longis
1541 2455 1820 2523 frenavit
1852 2455 2156 2538 habeniS,

610 2570 758 2660 Ipsa
790 2567 972 2634 domi
998 2571 1169 2662 leges
1184 2619 1203 2650 ,
1232 2587 1298 2634 et
1331 2571 1526 2635 Graia
1561 2572 1824 2636 inventa
1858 2587 2208 2640 retractans
2228 2618 2248 2653 ‚

607 2687 846 2752 Omnia
880 2663 1205 2754 bellorum
1240 2676 1414 2752 terra
1449 2687 1712 2774 quaesita
1727 2736 1748 2769 ,
1769 2688 2076 2780 'marique
2491 2695 2565 2754 3·

607 2801 883 2868 Praemia
914 2803 1218 2882 eonsili0‚
1246 2817 1313 2868 et
1342 2803 1534 2868 molli
1569 2804 1824 2872 ratione
1853 2803 2139 2892 regebat.

600 2917 828 2985 Stabat
852 2916 922 2984 in
948 2916 1051 2982 his
1068 2965 1088 3000 ‚
1113 2939 1330 3006 neque
1360 2917 1538 2982 enim
1559 2933 1816 3012 poterat
1843 2933 2140 2984 constare
2167 2917 2309 2982 sine
2333 2918 2492 3008 ipsis
2510 2966 2546 3006 ,‘

601 3031 739 3094 Aut
760 3032 997 3099 frustra
1024 3032 1250 3114 uxori,
1276 3031 1684 3120 mendaxque
1708 3031 2035 3122 Diespiter
2057 3031 2222 3102 olim
2240 3079 2261 3112 ‚

494 3225 499 3232 Ι
602 3147 943 3241 Imperium
967 3144 1246 3242 sz‘nefine
1272 3147 1450 3228 dedi,
1481 3147 1718 3214 dixisse
1746 3147 2086 3242 probatur,

601 3258 667 3328 N
671 3285 801 3330 unc
830 3263 1033 3352 igitur
1063 3263 1181 3351 qui
1211 3285 1311 3332 res
1344 3264 1668 3333 Romanas
1703 3263 1982 3351 imperat
2011 3261 2182 3361 inter
2195 3309 2216 3344 ‚
2487 3269 2558 3326 35

514 3455 673 3512 dum.
694 3455 950 3509 Carmina
967 3454 1212 3528 Calliope
1231 3455 1383 3509 libris
1403 3456 1496 3509 he·
1650 3455 2160 3525 19.Bemu11'que‚etc.]
2183 3455 2564 3528 Vulgmflemi-

512 3539 659 3593 reice
688 3539 931 3593 mandat.
952 3530 1223 3593 Caeoeruni
1238 3574 1254 3598 ‚
1282 3549 1340 3589 et
1368 3550 1496 3590 ante
1573 3543 1698 3602 quq
1717 3533 1867 3588 unde
1883 3535 2098 3601 malim,
2121 3539 2375 3602 munique,
2395 3534 2560 3608 qued

511 3620 810 3694 Sulpiciam
828 3657 845 3682 ‚
868 3618 970 3670 sub
990 3619 1237 3690 Augusto
1257 3655 1274 3683 ,
1296 3618 1495 3670 Corni—
1575 3629 1631 3670 et
1650 3617 1854 3670 Vineto
1875 3629 2062 3670 nostro
2089 3616 2380 3688 placuits.
2395 3619 2558 3672 schol.

510 3701 633 3754 ficia
658 3717 847 3756 versus
884 3699 1169 3770 scripserat
1185 3737 1202 3765 ,
1240 3696 1337 3751 sed
1376 3716 1492 3750 non
1647 3698 1734 3752 33.
1758 3699 2095 3764 Auefrusem,
2117 3713 2207 3749 etc.
2233 3699 2329 3750 Est
2347 3698 2456 3750 hoc
2475 3698 2560 3751 vi·

510 3781 815 3847 Phalaecos,
834 3783 945 3853 jam
976 3780 1257 3834 Scazontas
1277 3778 1488 3852 Hippo·
1565 3779 1710 3832 tium
1741 3779 2048 3847 memoriae,
2081 3783 2351 3852 majorum
2387 3781 2556 3834 etiam

511 3863 719 3916 nactios
738 3901 755 3928 ‚
782 3874 836 3915 et
860 3861 993 3914 alios
1020 3854 1221 3935 lyricos
1243 3898 1259 3925 ‚
1286 3861 1488 3934 quibus
1565 3859 1812 3932 gentium
1845 3859 2239 3932 scriptoribus,
2268 3879 2332 3913 eo
2370 3879 2552 3932 usque

508 3943 686 4016 prima
730 3943 968 4016 Sulpicia
1014 3943 1240 4016 poetria!
1284 3959 1488 3998 nomen
1567 3943 1849 4013 frequens,
1868 3953 1932 3994 ut
1957 3959 2363 4014 nonnunquam
2389 3939 2556 4004 affec·

506 4023 654 4077 inter
678 4017 899 4080 Latinos
916 4023 1137 4079 meruit.
1180 4027 1235 4088 V.
1258 4024 1414 4076 εοΙιοΙ.
1565 4035 1706 4080 tasse
1719 4021 1896 4082 videri
1917 4024 2150 4096 possint.
2183 4029 2241 4074 V.
2264 4025 2416 4076 seboi-
