2775 4619
652 394 795 461 Ex
853 395 1181 462 LIBRO
1233 395 1418 463 XII'
1461 396 1812 465 SATIR.

2127 423 2252 489 271

1121 525 1183 580 X
1202 525 1233 579 1
1252 526 1282 580 1
1298 524 1349 579 I.

286 618 411 679 Hic
442 616 739 697 strigosu’‚
764 618 1193 697 bovinatorque
1212 662 1229 690 ‚
1258 639 1359 680 ore
1384 620 1680 699 improbu’
1702 621 1880 683 duro.
1917 628 1939 637 “

1136 721 1199 777 X
1214 719 1246 773 1
1256 721 1332 775 V.

290 814 611 887 Crissavit‚
635 824 707 872 ut
732 814 781 873 si
810 809 1175 873 frumentum
1202 814 1472 873 clunihu’
1492 825 1725 873 vannat.

1166 916 1229 971 X
1244 916 1319 969 V.

304 1009 419 1069 Hic
444 1008 553 1067 uhi
576 1028 911 1067 consessum
928 1051 945 1081 ,
974 1007 1277 1087 pellesque
1303 1021 1373 1067 ut
1401 1008 1466 1068 in
1492 1008 1696 1069 ordine
1721 1020 1912 1068 tentae.

1127 1110 1189 1165 X
1205 1113 1257 1167 V
1276 1109 1327 1166 I.

308 1186 431 1258 Qui
456 1186 521 1247 in
544 1186 750 1247 latrina
773 1186 1047 1267 lacuque.

1007 1390 1482 1411 mmmm

470 1554 613 1621 EX
682 1554 1017 1623 LIBRO
1072 1554 1241 1621 XII
1306 1551 1976 1625 SATIRARUM.

296 1824 451 1882 Huic
478 1824 711 1884 homini
738 1829 1038 1898 Quaestore
1058 1826 1263 1903 aliquo
1290 1846 1415 1884 esse
1440 1843 1592 1903 opus
1611 1836 1790 1901 atque
1816 1823 2101 1904 chorago,

294 1922 621 1983 Publicitus
648 1923 755 2002 qui
780 1928 865 1983 mi
892 1936 1071 2003 atque
1098 1926 1311 2003 Episeo
1336 1922 1594 2003 praebeat
1617 1942 1852 1981 aurum.

1174 2024 1204 2079 1
1224 2024 1271 2079 Ι.

295 2119 470 2177 Hunc
491 2118 633 2200 juga
658 2117 960 2179 mulorum
986 2118 1217 2198 protelo
1244 2118 1460 2181 ducere
1484 2129 1722 2179 centum
1783 2102 1788 2107 ’

295 2217 431 2275 Non
460 2227 725 2293 possunt.

1153 2299 1182 2355 1
1199 2299 1228 2355 1
1246 2299 1295 2362 I.

208 2435 213 2442 ι
291 2387 562 2452 Firmiter
587 2391 703 2452 hoc
719 2436 736 2466 ,
767 2394 1100 2472 pariterque
1129 2407 1234 2453 tuo
1262 2395 1337 2456 sit
1363 2405 1599 2475 pectore
1626 2359 1828 2452 filium.

1163 2495 1193 2550 1
1212 2493 1284 2549 V.

291 2586 543 2666 Insignis
564 2586 717 2646 varis
742 2598 829 2645 est
856 2589 1127 2648 cruribus
1152 2601 1329 2668 atque
1358 2589 1572 2669 petilis.

291 2781 526 2855 Quibus
552 2782 844 2854 fructibus
876 2803 971 2842 me
1002 2690 1308 2844 decollxvi.

1104 2910 1108 2916 ·
1172 2883 1294 2940 VI.

289 2960 579 3017 Assensus
606 2977 739 3017 sum
766 2958 1014 3020 homini.

286 3147 367 3194 13.
394 3145 457 3194 A.
492 3145 713 3205 Gellius,
738 3145 831 3195 lib.
854 3149 961 3206 xl,
984 3163 1090 3212 cap.
1128 3163 1191 3208 72

206 3225 661 3290 Tergiversatorem
698 3225 1023 3275 bovinatorem
1056 3227 1191 3274 dicit.

208 3307 407 3356 Nonius
426 3323 439 3354 z
480 3305 795 3355 Bovinatores
814 3345 833 3367 ,
876 3323 1007 3372 quos
1052 3322 1193 3355 nunc

207 3387 483 3436 malitiosos
491 3397 541 3436 et
550 3387 953 3454 tergiversatores
962 3387 1192 3436 dicimus.

286 3484 307 3515 1
318 3476 365 3525 4.
383 3469 608 3518 Nonius:
624 3471 904 3518 Evannetur
917 3469 1106 3518 dictum
1120 3479 1195 3517 est

207 3550 482 3598 ventiletur
498 3587 512 3611 ‚
532 3551 615 3600 vel
634 3555 897 3600 moveatur
911 3586 925 3612 ,
950 3567 978 3600 a
996 3567 1163 3601 vanno
1176 3586 1192 3611 ‚

206 3625 264 3676 in
290 3647 391 3693 qua
416 3631 671 3696 legumina
700 3631 1026 3681 ventilantur.

282 3725 305 3756 1
318 3709 363 3758 5.
389 3711 620 3760 Nonius:
644 3714 799 3760 Tema
812 3747 831 3770 ‚
852 3729 949 3778 pro
970 3721 1189 3762 extensa.

220 3841 225 3844 ,
284 3791 363 3837 16.
385 3792 609 3842 Nonius:
628 3792 835 3841 Lacr-ina
856 3809 1035 3858 genere
1052 3793 1195 3842 femi·-

209 3868 363 3931 nino‚
392 3882 443 3920 et
469 3883 541 3923 est
573 3873 821 3923 lavatrina
834 3910 853 3934 ,
882 3875 1023 3940 quod
1052 3891 1194 3924 nnnc

207 3945 449 4000 balneum
477 3953 683 4003 dicitur.

287 4047 337 4078 1.
376 4033 577 4085 Nonius
605 4053 619 4084 z
652 4034 945 4096 Publicius,
973 4052 1069 4104 pro
1098 4053 1193 4104 pu·

210 4106 356 4159 blice.
710 4107 721 4116 ’

1344 3165 1391 3217 ᾳ.
1419 3145 1646 3198 Nonius:
1674 3145 1926 3197 Protelare
1956 3163 2127 3202 rursus
2161 3149 2250 3202 ad·-

1266 3219 1458 3298 juvare.

1344 3309 1390 3358 3.
1415 3307 1612 3357 Nonius
1634 3324 1648 3356 z
1677 3305 1934 3366 Firmiter,
1960 3325 2055 3374 pro
2088 3307 2246 3358 firme.

1344 3399 1392 3448 4.
1445 3390 1646 3439 Nonius
1679 3408 1693 3439 τ
1729 3388 1938 3441 Pecilum
1988 3401 2140 3454 tenne
2197 3399 2254 3459 ev
2321 3409 2326 3414 ·

1272 3471 1420 3519 exile.

1346 3553 1394 3600 5.
1419 3550 1710 3612 Diomedes,
1727 3549 1814 3598 lib.
1837 3553 1891 3599 1:
1911 3548 2140 3606 Decollo,
2164 3548 2251 3598 de-

1272 3631 1447 3680 collavi
1465 3649 1483 3681 .·
1513 3631 1613 3681 hoc
1645 3631 1852 3681 verbum
1887 3630 2023 3695 apud
2059 3639 2250 3680 veteres

1272 3713 1470 3778 decipio
1473 3713 1755 3782 ,significat
2017 3717 2020 3720 ’

1342 3795 1399 3843 6.
1437 3794 1716 3842 Priscianus
1737 3827 1752 3851 ,
1781 3789 1871 3840 lib.
1897 3791 2056 3840 vm:
2085 3790 2249 3844 Sentio

1270 3885 1513 3923 nentrum
1533 3890 1545 3921 :
1567 3891 1631 3921 ex
1643 3888 1703 3922 eo
1717 3869 1922 3946 qssentio
1937 3879 1986 3918 et
1996 3871 2251 3930 assentior,

1272 3967 1321 4004 et
1344 3953 1570 4003 dissencio
1592 3961 1644 4001 et
1670 3951 1940 4010 dissentior,
1961 3953 2020 4000 in
2045 3968 2148 4001 nna
2170 3951 2249 4000 es-

1270 4034 1540 4098 eademque
1600 4031 1937 4082 inveniuntur
1996 4031 2249 4099 significa-

1271 4125 1433 4164 none.
