2775 4619
826 375 1223 452 SATIRA
1288 374 1374 437 V.

2006 375 2122 438 161

175 505 529 568 Incussere
564 501 736 565 Deos
773 498 1072 564 inflantes
1107 520 1378 586 corpora
1400 543 1419 580 ,
1448 499 1503 561 si
1538 518 1673 561 non

180 617 581 684 Praedictum
616 632 715 680 ter
751 637 941 678 mane
977 628 1175 702 caput
1209 613 1563 702 gustaveris
1596 609 1729 676 alli.

178 719 448 797 Dixeris
483 731 624 795 haec
661 731 832 794 inter
861 730 1188 794 varicosos
1223 727 1672 809 centuriones,

179 847 528 912 Continuo
561 867 849 910 crassum
886 841 1056 908 ridet
1085 842 1433 908 Vulfenius
1473 843 1733 930 ingens,

2039 869 2142 921 190

184 963 274 1027 Et
310 976 586 1054 centum
620 960 878 1026 Graecos
911 973 1100 1023 curto
1133 972 1427 1022 centusse
1458 957 1709 1022 licetur.

114 1211 136 1232 ι
155 1196 296 1236 rant.
325 1206 350 1228 ι
373 1183 487 1240 Ita,
507 1183 564 1234 τὸ
591 1182 724 1230 lusca
745 1190 857 1232 vet.
881 1177 1084 1248 interp.

108 1262 170 1314 ad
214 1262 420 1314 vitium
464 1259 709 1331 corporis
755 1258 957 1324 refert3
999 1257 1090 1310 alii

111 1361 268 1408 vero,
299 1342 444 1394 inter
479 1358 618 1411 quos
649 1338 878 1392 Casaub.
910 1337 980 1390 ad
1009 1337 1091 1392 vi-

113 1425 245 1476 tium
267 1423 439 1476 animi
453 1460 470 1486 ‚
491 1434 554 1473 ut
581 1420 806 1474 Horatio
831 1432 886 1472 et
905 1418 1091 1472 Persio

113 1503 303 1574 passim
329 1505 509 1568 lippus.
547 1502 629 1552 De
657 1500 810 1552 cultu
837 1497 1094 1569 supersti-

115 1584 248 1635 tioso
269 1580 434 1634 Isidis
452 1618 469 1645 ‚
490 1581 523 1632 J
528 1599 685 1634 uven.
706 1580 789 1632 VI
807 1617 823 1645 ,
848 1579 972 1633 526.
1000 1578 1066 1629 A.

185 1666 306 1733 187.
329 1667 580 1712 Incussere
595 1665 723 1710 Deos
743 1662 970 1730 inflantes
987 1678 1097 1709 cor·-

111 1763 248 1810 pora.
281 1747 304 1810 ]
352 1741 622 1812 Injiciunt
677 1751 885 1792 metum
930 1738 1095 1812 Syrie

119 1823 250 1886 Deae,
261 1821 497 1894 Cybeles
513 1832 565 1872 et
579 1818 756 1881 Isidis,
765 1819 972 1872 levibus
986 1817 1098 1870 ani·

121 1903 212 1955 mis
239 1903 558 1955 occinentes
581 1898 731 1951 illam
757 1899 944 1951 surore
968 1915 1097 1949 con·

121 1995 302 2036 cutere
325 2002 344 2050 ς
385 1983 526 2034 hanc
577 1979 748 2052 plagis
765 2016 782 2045 ‚
824 1978 1100 2031 ulceribus

121 2063 432 2134 morbisque
453 2059 690 2132 affligere
709 2078 964 2132 corpora3
979 2077 1100 2130 quae

124 2155 296 2195 tamen
313 2138 666 2194 incommoda
688 2151 741 2191 et
757 2137 1102 2210 agritudines

123 2240 184 2274 ex
201 2222 378 2274 causis
395 2219 736 2274 naturalibus
749 2217 1104 2290 proficiscun-

30 2312 34 2320 “
126 2316 210 2356 tur
224 2344 241 2369 ,
259 2318 322 2357 ut
335 2300 552 2356 erudite
571 2298 817 2372 disputat
830 2302 1074 2353 Aretaeus
1086 2337 1103 2363 ,

125 2383 212 2435 lib.
236 2384 306 2437 de
328 2384 506 2437 acutis
527 2382 759 2447 morbis,
783 2398 901 2451 cap.
925 2400 985 2449 9,
1008 2379 1106 2431 ubi

32 2514 34 2545 ς
127 2466 355 2535 explicat
379 2482 482 2515 cur
503 2460 686 2535 Syrios
705 2462 1108 2535 Aegyptiosque

129 2546 236 2600 haec
260 2548 450 2601 ulcera
468 2544 728 2599 divexent
746 2544 1108 2616 potissimum.

130 2630 460 2701 -Inflantes
485 2646 715 2695 corpora.
737 2626 1036 2678 Tumorem
1055 2636 1113 2677 et

134 2710 309 2763 ulcera
339 2708 696 2761 immittentes
721 2708 779 2759 in
806 2725 1026 2778 corpus.
1042 2736 1116 2745 —-

132 2792 294 2840 Sinon
315 2791 615 2857 praedictum
628 2825 645 2848 ‚
670 2803 758 2839 etc.
788 2787 906 2839 Nisi
932 2788 1115 2840 obser-

131 2882 215 2918 ves
242 2884 370 2937 quae
395 2866 596 2937 jubent
628 2862 917 2917 sacrificuli
943 2862 1023 2914 illi
1048 2860 1119 2915 ad

133 2944 426 3015 placandos
453 2946 597 2997 Deos
626 2963 771 2997 suos.
802 2944 860 2995 P.

203 3026 328 3078 188.
373 3030 467 3075 Ter
505 3044 651 3075 mane
683 3038 834 3093 caput
847 3026 1120 3093 gustaveris

135 3104 258 3173 allai]
289 3104 349 3156 Si
378 3106 594 3175 jussum
623 3104 809 3157 allium
829 3142 846 3167 ‚
875 3104 986 3157 scil.
1017 3104 1119 3155 tria

139 3182 238 3235 allii
256 3183 439 3254 capita
466 3202 624 3235 mane
657 3202 770 3235 non
800 3180 1117 3235 comederis.

141 3260 248 3315 Hoc
287 3274 478 3327 autem
514 3268 876 3334 praeceptum,
902 3260 970 3315 de
1007 3277 1121 3333 quo

141 3341 221 3395 hic
259 3342 519 3409 Persius,
550 3343 710 3396 nobis
749 3341 967 3395 aliunde
1004 3361 1120 3395 non

139 3435 210 3474 est
231 3434 454 3475 notum„

209 3523 233 3557 1
243 3504 338 3572 89.
358 3505 563 3554 Diceris
579 3505 687 3555 hoec
706 3506 835 3555 inter
842 3506 1118 3565 varicosos,

141 3585 240 3655 eta]
289 3582 560 3655 Epilogus
604 3585 775 3638 satire
813 3585 976 3656 hujus
1016 3588 1125 3655 qu&

143 3665 444 3716 stoicorum
463 3664 804 3735 paradoxum
825 3663 965 3718 illud
989 3678 1128 3719 trac-

146 3745 273 3797 tavit
289 3762 308 3809 ς
329 3743 540 3796 scilicet
554 3782 572 3810 ,
593 3744 832 3797 liberum
851 3764 1028 3797 unum
1047 3764 1128 3797 sa-

144 3824 380 3893 pientem
397 3863 414 3889 ‚
436 3842 660 3877 servum
673 3834 815 3878 'vero
842 3826 1127 3879 vitiosum.

148 3905 310 3971 Quod
337 3904 571 3978 quidem
600 3923 712 3959 non
743 3921 900 3978 negat
925 3906 1132 3980 impro-

147 3986 255 4042 bari
274 4008 304 4044 a
319 3986 488 4060 vulgo
503 4025 520 4055 ,
535 3986 836 4061 praesertim
854 3988 920 4044 ab
935 3988 1019 4043 his
1033 3986 1134 4043 ho·

1167 1175 1412 1230 minibus
1445 1175 1744 1248 agrestibus
1765 1210 1783 1241 ,
1817 1194 1957 1248 quos
1989 1187 2152 1231 vocat

1167 1260 1473 1308 centuriones
1482 1259 1750 1318 varicosos,
1764 1258 1893 1328 quia
1903 1257 2148 1329 plerum-

1169 1355 1280 1408 que
1309 1335 1481 1388 totius
1508 1336 1728 1388 virtutis
1758 1349 1923 1407 atque
1954 1337 2153 1390 hones-

1171 1417 1291 1470 tatis
1307 1423 1557 1488 expertes
1576 1428 1705 1468 sunt
1720 1417 2037 1489 hujusmodi
2054 1418 2155 1471 mi-

1172 1495 1373 1550 litares.
1406 1497 1523 1560 Ita,
1553 1515 1739 1550 sensus
1764 1510 1877 1550 est:
1902 1498 2001 1550 tibi
2036 1497 2156 1552 dixi

1174 1578 1290 1631 haec
1318 1575 1389 1630 de
1410 1596 1538 1632 vera
1558 1578 1836 1645 libertate3
1860 1578 1955 1632 sed
1970 1617 1987 1644 ,
2010 1581 2054 1632 si
2075 1599 2158 1634 ea·

1177 1657 1304 1712 dem
1324 1659 1463 1710 fatus
1486 1657 1687 1712 fuerim
1708 1659 2123 1712 centurionibus
2138 1698 2157 1724 ,

1172 1737 1378 1792 ridebit
1393 1757 1631 1792 crassum
1645 1739 1955 1804 Vulfenius‚
1970 1753 2041 1803 et,
2055 1753 2159 1794 etc.

1174 1849 1246 1859 —-
1261 1820 1589 1871 Centuriones.
1625 1818 1791 1890 Legio
1832 1837 2065 1890 quaeque
2100 1820 2159 1872 in

1177 1900 1451 1953 centurias
1470 1897 1830 1952 dividebatur.
1850 1901 2165 1971 Unicuique

1179 1992 1407 2052 praeerat
1438 1977 1557 2031 dux
1576 2015 1594 2044 ‚
1625 1979 1714 2031 cui
1752 1997 1953 2033 nomen
1992 1995 2163 2030 eentu-

1178 2060 1332 2110 rionis
1376 2070 1489 2110 erat
1504 2095 1521 2122 ,
1552 2076 1717 2128 quem
1757 2058 1933 2110 nostri
1969 2070 2167 2110 vocant

1179 2141 1521 2208 capitaine.—-
1535 2142 1805 2190 Varicosos.
1832 2139 1943 2204 Qui
1962 2140 2168 2192 habent

1182 2219 1241 2274 in
1270 2219 1454 2273 crurib
1462 2237 1525 2272 us
1543 2220 1745 2272 varices
1770 2237 1799 2272 e
1821 2220 2006 2272 labore
2026 2219 2171 2272 mili·-

1183 2301 1318 2366 tari,
1334 2303 1543 2375 quique
1556 2340 1575 2367 ‚
1595 2314 1657 2353 ut
1675 2320 1907 2374 corpore
1919 2340 1936 2368 ‚
1956 2303 2033 2356 sic
2053 2303 2170 2356 ani-

1185 2402 1277 2435 mo
1316 2384 1707 2437 intumescunt.
1736 2383 1801 2435 P.

1265 2481 1385 2531 190.
1439 2466 1657 2514 Crassum
1702 2467 1877 2532 ridet.]
1917 2464 2174 2535 Ingentes

1189 2556 1417 2615 repente
1440 2542 1733 2595 cachinnos
1756 2543 1900 2596 tollit
1916 2581 1933 2607 ‚
1953 2544 2083 2595 etin
2100 2540 2176 2595 ri-

1191 2642 1312 2675 sum
1339 2623 1578 2676 effusum
1600 2623 1866 2688 solvitur3
1886 2623 1971 2676 vel
1991 2624 2177 2696 potius

1196 2700 1344 2773 quod
1373 2702 1516 2783 Galli
1545 2702 1768 2769 dicunt,
1791 2703 2028 2770 ilpeusfi
2056 2706 2181 2753 d'un

1161 2800 1164 2803 ’
1188 2801 1304 2851 gros
1320 2784 1446 2843 rire,
1467 2800 1571 2852 pro
1589 2785 1705 2833 d'un
1724 2786 1822 2833 rire
1841 2784 1959 2833 bete.
1974 2786 2175 2837 maz-bv

1197 2864 1396 2935 γίλωτα
1436 2866 1672 2932 καταχέει
1713 2870 1810 2917 τῶν
1858 2863 1926 2917 τὰ
1965 2870 2179 2917 τοιαῦτα

1197 2946 1576 3015 φιλοσοφοῦντων
1587 2982 1599 2995 .
1610 2972 1682 2981 —-
1697 2946 1746 2989 V
1740 2942 1965 3007 uljenius.
1984 2940 2181 2993 fictum.

1197 3042 1403 3076 nomen
1420 3022 1609 3076 militis
1632 3023 1849 3094 proceri
1868 3035 1923 3074 et
1941 3022 2177 3075 robusti.
2215 3016 2217 3020 ’

1275 3120 1397 3169 191.
1440 3106 1506 3152 Et
1541 3117 1733 3154 centum
1775 3106 1972 3153 Groecos
1982 3139 2000 3161 ,
2037 3116 2131 3156 etc,
2152 3102 2176 3171 J

1198 3183 1270 3236 Et
1291 3195 1512 3235 centum
1533 3182 1889 3254 philosophos
1911 3184 1987 3234 ita
2014 3180 2183 3234 disse-

1198 3275 1380 3317 rentes
1418 3262 1561 3316 nolit
1591 3268 1770 3315 emere
1801 3274 2025 3315 centum
2061 3262 2187 3315 assi·

1200 3346 1324 3397 hus.
1340 3374 1412 3383 —-
1428 3346 1638 3397 Groeeos.
1660 3343 1750 3397 Sic
1765 3380 1785 3407 ‚
1806 3356 1901 3399 sat.
1924 3345 1977 3407 1,
1996 3342 2187 3415 posuit

1200 3428 1424 3493 crepidas
1461 3428 1678 3477 Grcecas.
1693 3427 1923 3475 —Curto
1970 3438 2186 3475 centusse

1199 3508 1389 3557 licetur.
1404 3504 1681 3557 Centussis
1696 3519 1777 3559 est
1789 3516 1912 3557 cent
1919 3522 2013 3555 um
2026 3510 2187 3565 assesff'

1205 3605 1346 3658 quos
1390 3599 1577 3642 curtos
1617 3597 1805 3651 vocat,
1845 3585 1999 3657 quasi
2038 3600 2187 3635 unus

1205 3686 1431 3721 summas
1450 3666 1537 3723 vel
1558 3665 1672 3719 duo
1695 3665 1903 3737 dempti
1925 3666 2185 3729 fuissent;

1207 3748 1283 3799 ita
1301 3784 1318 3810 ‚
1341 3765 1620 3818 quemque
1652 3746 2044 3818 philosophum
2072 3762 2188 3796 non

1209 3828 1436 3881 aestimat
1450 3828 1614 3880 unius
1632 3827 1776 3879 assis.
1788 3827 2040 3876 —Liceri.
2055 3824 2190 3876 Ver-

1209 3910 1347 3961 bum
1371 3909 1522 3981 juris¹
1542 3908 1806 3964 usitatum
1834 3908 1894 3959 in
1923 3906 2191 3961 auctioni-

1210 3988 1315 4045 bus
1333 3988 1588 4061 publicis..
1602 3986 1740 4041 Gall.
1757 3988 2192 4041 mettrel'enchere.

1755 4153 1826 4192 11
