2775 4619
534 348 538 353 ’
591 364 734 409 =212
934 338 1155 407 JANI
1198 337 1586 408 DOUSAE
1630 338 2292 410 SCHEDIASMA‘

601 444 791 537 mani,
830 486 1011 545 quam
1060 466 1271 536 domi,
1310 482 1379 525 ac
1429 466 1737 525 socialium
1777 466 2074 527 bellorum
2114 466 2389 548 procellis
2427 468 2660 528 acriter

597 566 977 643 multumque
1008 585 1093 622 ,ac
1140 564 1246 621 diu
1288 554 1600 621 citercitam
1650 578 2072 625 memoraverat
2115 567 2298 625 modo
2319 612 2336 639 ,
2378 567 2442 625 in
2461 569 2656 641 freta

602 665 835 719 demum
858 658 1111 719 Sicanioe
1121 704 1142 731 ,
1166 674 1227 717 et
1244 661 1608 735 Carthaginis·
1628 682 1793 718 arces
1811 664 2049 733 exiis-se,
2077 662 2191 721 hoc
2213 676 2301 721 est
2316 707 2332 734 ,
2358 663 2610 723 desiisse
2630 701 2652 733 ‚-

600 745 972 836 modumque
995 758 1058 815 in
1080 756 1311 814 hostem
1338 756 1678 835 pugnandi,
1705 770 1766 815 et
1795 758 1962 835 quasi
1989 778 2231 836 pausam
2252 759 2458 817 fecisse
2487 760 2610 817 sihi
2629 802 2651 831 ,

595 857 792 915 innuit
816 876 849 911 a
879 854 1157 913 Romanis
1197 867 1330 931 post
1362 854 1622 912 Siciliam
1639 897 1656 925 ,
1686 858 2032 930 longumque
2062 874 2132 913 ac
2163 876 2442 931 mag-mem
2476 855 2650 913 illud

592 953 1092 1011 Mediterraneum
1132 950 1373 1029 pelagus
1417 950 1481 1008 in
1523 952 1766 1029 Imperii
1805 951 1984 1009 unius
2030 952 2494 1011 dominationem
2541 974 2650 1011 re-

593 1048 833 1107 dactum
862 1091 879 1119 ‚
917 1048 1442 1125 Carthaginemque
1497 1066 1755 1105 eversam
1784 1089 1804 1118 ,
1843 1049 2195 1128 Punicaeque
2241 1050 2650 1113 aemulationis

592 1164 797 1205 omnes
818 1143 1199 1221 reliquiarum
1216 1143 1494 1221 reliquias
1514 1144 1822 1202 exstinctas
1839 1166 1857 1218 ;
1885 1146 2046 1203 omni
2067 1146 2260 1203 Gallia
2275 1146 2538 1225 denique
2555 1148 2650 1207 cis

566 1316 569 1319 ἢ
590 1242 902 1311 Rhenum,
932 1253 1107 1319 atque
1138 1240 1291 1297 inter
1316 1260 1476 1298 mare
1499 1258 1675 1319 supra
1699 1241 1928 1301 dictum
1953 1254 2132 1321 atque
2152 1246 2453 1301 Oceanum
2470 1286 2488 1314 ‚
2517 1244 2648 1301 nisi

590 1360 725 1419 quae
751 1360 785 1397 a
806 1338 1124 1417 paludibus
1145 1337 1299 1397 invia
1322 1338 1464 1410 fuit,
1488 1338 1850 1417 perdomita,
1875 1341 1988 1411 sic,
2008 1342 2176 1419 quasi
2198 1341 2374 1400 effeta
2389 1354 2648 1420 parente

588 1436 690 1515 (id
726 1435 891 1515 quod
930 1436 994 1493 in
1032 1434 1279 1493 Catilina
1322 1436 1704 1523 conqueritur
1737 1429 2058 1515 Crispus),
2090 1437 2240 1495 nihil
2279 1439 2646 1516 praeclarum

584 1546 791 1613 postea
812 1544 913 1591 aut
934 1530 1314 1597 memorabile
1354 1520 1522 1609 quod
1553 1543 1736 1603 esset,
1759 1532 1905 1591 belli
1929 1532 2273 1611 militiaeque
2299 1546 2637 1611 patratum:

584 1632 809 1709 quippe
826 1629 1057 1707 quibus
1078 1627 1266 1685 hostis
1291 1628 1498 1685 nullus
1529 1628 1816 1687 exercitur
1839 1641 2169 1707 superesset
2187 1627 2312 1703 jam
2335 1630 2604 1709 amplius
2618 1674 2638 1702 ,

583 1728 651 1785 in
684 1746 806 1805 quo
844 1724 1244 1804 oppugnando
1279 1734 1418 1781 vera
1457 1736 1518 1782 et
1555 1724 1800 1802 antiqua
1833 1724 1938 1781 illa
1970 1728 2238 1783 Romana
2269 1726 2462 1783 virtus
2495 1727 2644 1785 eni-

584 1835 805 1882 tescere
827 1834 1057 1901 posset3
1080 1820 1369 1898 ideoque,
1394 1819 1660 1898 deposita
1677 1834 1979 1893 armorum
1999 1824 2176 1893 cura,
2197 1822 2275 1879 ad
2297 1821 2644 1881 litterarum

586 1922 781 1981 studia
794 1964 811 1991 ,
839 1919 1116 1999 pacisque
1157 1930 1308 1976 artes
1327 1961 1343 1988 ,
1370 1938 1440 1975 ac
1481 1917 1778 1994 sapientiae
1819 1932 2108 1998 praecepta
2137 1920 2200 1977 iu
2227 1932 2492 1998 tempore
2529 1920 2648 1980 de-

582 2021 821 2078 volutos
854 2017 1119 2075 animum
1154 2015 1392 2073 tandem
1426 2016 1678 2092 requieti
1715 2016 1994 2091 adjecisse
2018 2037 2036 2086 ;
2067 2028 2246 2094 atque
2277 2018 2366 2075 ‘ita
2401 2019 2643 2095 optime

580 2118 960 2191 constitutam
996 2113 1425 2191 rempublicam
1461 2112 1525 2171 in
1566 2112 1688 2171 otio
1727 2132 1796 2171 ac
1828 2112 2246 2193 tranquillitate
2277 2128 2641 2175 sustentasse

584 2213 883 2273 facillime.

661 2314 995 2389 Antequam
1026 2307 1276 2368 ulterius
1316 2308 1762 2389 progrediamur
1778 2355 1796 2383 ‚
1831 2308 2128 2390 telamque
2145 2356 2162 2384 ‚
2193 2331 2372 2390 quam
2409 2325 2642 2372 conatu

583 2410 805 2484 majore
842 2404 1022 2484 quam
1056 2425 1327 2464 successu
1343 2448 1360 2476 ‚
1394 2427 1502 2484 pro
1545 2407 1762 2484 ingenii
1795 2408 1980 2466 nostri
2017 2420 2195 2486 captu
2211 2451 2228 2480 ,
2258 2408 2410 2492 satis*
2429 2421 2643 2468 tamen

584 2503 967 2566 commodule
1012 2503 1204 2562 exorsi
1240 2521 1446 2560 sumus
1460 2539 1478 2573 ·‚
1511 2503 1587 2560 ad
1627 2504 1908 2563 terminos
1935 2525 2114 2582 porro
2149 2504 2443 2563 deducere
2480 2527 2638 2584 pro-

580 2619 855 2681 peremus
875 2640 892 2669 ,
922 2597 1333 2658 sustinendum
1358 2599 1523 2677 prius
1552 2599 1652 2656 hic
1679 2599 1854 2658 etiam
1881 2601 2180 2678 paulisper
2207 2601 2410 2674 nobis,
2433 2601 2642 2662 donec

572 2698 1061 2777 ‘Sulpicianorum
1103 2715 1381 2754 versuum
1423 2695 1692 2754 ordinem
1717 2738 1734 2767 ,
1779 2697 1884 2775 qui
1927 2699 1992 2755 in
2031 2698 2338 2756 codicibus
2377 2691 2604 2759 nostris
2620 2743 2638 2775 ,

582 2809 874 2878 qnantum
914 2807 1003 2854 est
1037 2793 1419 2853 Formulariis
1437 2838 1456 2862 ,
1489 2815 1784 2873 nusquam
1824 2815 1946 2854 non
1983 2798 2370 2875 transpositus
2397 2818 2466 2855 ac
2498 2821 2641 2877 per-

583 2896 853 2955 turbatus
890 2892 1107 2972 legitur
1128 2936 1144 2963 ,
1181 2892 1245 2950 in
1286 2892 1592 2969 pristinam
1631 2892 1953 2970 aliquando
1993 2893 2400 2953 reduxerimus
2438 2895 2644 2974 digni-

584 3007 763 3052 ta'tem
779 3036 796 3064 ‚
828 2992 935 3072 qui
974 2991 1219 3070 quidem
1264 2990 1440 3048 nobis
1475 2989 1552 3048 ad
1593 2989 1710 3049 hoc
1751 2991 2093 3072 exemplum
2123 2995 2642 3054 reconcinnandus

584 3091 834 3149 videtur.

937 3169 1035 3219 Dic
1058 3169 1213 3229 mihi,
1240 3169 1490 3234 Calliope,
1515 3167 1760 3234 quidnam
1783 3177 1930 3234 pater
1953 3171 2040 3219 ille
2065 3173 2290 3221 Deorum

938 3251 1135 3314 Cogitat
1148 3252 1171 3297 ἱ·
1193 3253 1278 3298 An
1302 3261 1456 3298 terras
1480 3261 1532 3298 et
1556 3251 1716 3315 patria
1741 3253 1918 3300 saequa
1941 3263 2102 3300 mutat
2115 3255 2139 3300 Ρ

937 3333 1173 3394 Quasque
1200 3330 1341 3378 dedit
1366 3331 1623 3396 quondam
1637 3365 1652 3390 ,
1679 3332 2012 3380 morientibus
2037 3335 2186 3398 eripit
2209 3343 2339 3383 artes
2354 3337 2378 3382 ?

934 3411 1142 3475 Nosque
1164 3411 1309 3476 jubet
1333 3398 1510 3459 tacito}
1524 3429 1544 3470 ‚·
1565 3413 1717 3459 etiam
1743 3413 1951 3461 rationis
1979 3431 2159 3478 egenos
2174 3449 2190 3472 ,

936 3491 1059 3540 Non
1084 3490 1247 3549 aliter,
1274 3491 1443 3556 primo
1466 3489 1615 3556 quam
1643 3491 1772 3540 cum·
1788 3495 2093 3542 surreximus
2121 3511 2258 3554 aevo,

936 3569 1245 3629 Glandibus,
1265 3583 1314 3619 et
1339 3587 1482 3636 pnrae
1505 3590 1677 3622 rursus
1703 3574 2037 3638 procumbere
2063 3575 2284 3640 lymphae
2300 3575 2326 3622 ἓ

943 3652 1027 3700 An
1052 3651 1269 3716 reliquas
1296 3663 1453 3700 terras
1479 3665 1741 3702 conservat
1767 3654 1986 3713 amiens,
2012 3665 2062 3703 et
2088 3655 2240 3702 urbes
2253 3687 2270 3713 ,

940 3730 1039 3780 Sed
1064 3747 1221 3795 genus
1240 3733 1560 3792 Ausonium,
1586 3733 1892 3798 Remulique
1919 3733 2153 3782 exturbat
2180 3735 2440 3784 alumnos.
2431 3738 2454 3772 ἴ·
2497 3783 2502 3788 ,
2550 3771 2557 3778 -

941 3809 1083 3872 Quid
1108 3821 1395 3892 reputemus
1421 3814 1556 3860 enim
1573 3815 1595 3860 Ρ
1621 3813 1738 3860 Duo
1764 3823 1885 3861 sunt
1911 3813 2098 3878 quibus
2125 3814 2337 3865 extulit
2321 3831 2526 3884 ingens·

940 3892 1101 3938 Roma
1130 3900 1310 3955 caput,
1335 3892 1501 3940 virtus
1525 3893 1676 3952 belli,
1703 3903 1753 3940 et
1780 3894 2022 3958 sapientia
2049 3895 2202 3958 pacis.

938 3968 1036 4019 Sed
1054 3970 1213 4024 virtus
1239 3971 1422 4040 agitata
1449 3971 1611 4033 domi,
1631 3983 1683 4024 et
1710 3972 1987 4025 socialibus
2012 3973 2164 4023 armis
