2775 4619
618 472 757 571 510
939 503 1163 571 JANI
1214 472 1604 573 nonsAE
1657 503 2322 580 scHEmAsMA

612 623 788 688 metri
814 632 994 705 hujus
1023 631 1460 692 hemistichium
1496 634 1630 711 quis
1663 635 1740 693 ab
1773 636 2018 695 Horatio
2047 656 2171 697 esse
2197 658 2319 697 non
2345 638 2509 698 videt
2537 639 2622 697 ita
2639 680 2662 710 ,

612 728 719 787 lib.
752 733 817 802 Ι,
847 743 951 789 sat.
986 750 1057 801 a,
1084 730 1479 807 scriptitante:
1561 742 1566 747 “

978 878 2124 903 .................................
2147 854 2316 903 Macte

964 928 1169 975 Virtute
1196 940 1305 977 esto
1318 963 1334 988 ,
1352 929 1518 994 inquit
1543 932 1786 979 sententia
1813 931 1894 979 dia
1919 934 2138 983 Catonis.

612 1030 709 1089 Ad
741 1030 1125 1090 imitationem
1150 1033 1440 1090 Luciliani
1468 1033 1629 1093 illius
1655 1035 1909 1093 maxime
1933 1056 1950 1091 τ

965 1129 1137 1188 ‘Valeri
1161 1142 1406 1189 sententia
1430 1140 1526 1190 dia.

610 1235 805 1311 Pergit
831 1235 1089 1315 Sulpicia
1109 1258 1124 1292 ε

608 1381 673 1433 v.
706 1374 812 1457 49.
856 1419 1137 1437 .......
1138 1426 1140 1429 ⁴
1166 1422 1804 1443 ................
1831 1375 2155 1443 Utrumne
2179 1373 2478 1445 secundis
2493 1424 2522 1463 5

842 1473 953 1537 An
976 1475 1180 1564 magis
1208 1474 1486 1540 adversis
1511 1492 1707 1541 staret
1729 1478 2022 1543 Romana
2046 1501 2359 1571 propago·

842 1567 1136 1653 Scilicet,
1169 1572 1496 1663 adversis]

685 1702 814 1759 Hoc
832 1715 947 1772 est,
968 1702 1137 1761 facile
1162 1705 1307 1762 scias
1330 1704 1586 1763 adversis
1611 1707 1809 1785 potius
1833 1727 2013 1785 quam
2035 1706 2306 1766 secundis
2322 1707 2652 1766 consistere

604 1802 965 1879 majestatem
985 1802 1228 1880 Imperii
1250 1803 1530 1861 Romani:
1555 1816 1644 1863 est
1667 1805 1827 1862 enim
1851 1808 2092 1877 scium,
2119 1806 2264 1865 scire
2288 1805 2458 1864 licet:
2490 1824 2656 1883 quo-

600 1900 786 1957 modo
835 1912 895 1956 et
935 1902 1207 1959 videlicet
1250 1899 1412 1978 apud
1461 1899 1736 1960 Plautum
1769 1946 1786 1975 ‚
1827 1922 1936 1982 pro
1989 1906 2192 1960 videm
2241 1900 2394 1964 lfcet.
2426 1906 2653 1979 Neque

603 1997 926 2077 quicquam
947 1999 1125 2059 hacce
1153 1999 1438 2057 sententia
1452 1998 1680 2057 verius:
1711 2000 1874 2059 unde
1899 2012 1960 2059 et
1975 2001 2178 2057 Nasica
2200 1987 2330 2071 ille,
2349 2000 2425 2057 ad
2447 2001 2654 2077 repri-

600 2096 877 2153 mendam
904 2098 1228 2175 nequitiam
1247 2139 1264 2168 ,
1293 2096 1723 2175 servandosque
1747 2074 2014 2177 optimos
2029 2097 2198 2168 illos,
2229 2098 2342 2155 hoc
2371 2109 2498 2169 est,
2529 2118 2652 2154 an—

601 2192 800 2270 tiquos
836 2214 1029 2252 mores
1056 2194 1309 2272 (quibus
1343 2212 1466 2249 rem
1499 2198 1832 2252 Romanam
1857 2210 2014 2253 stare
2044 2196 2414 2274 potissimum
2441 2196 2649 2252 Ennio

602 2311 846 2369 quoque
869 2311 1215 2369 persuasum
1238 2290 1428 2348 fuerat
1445 2290 1566 2365 jam
1593 2290 1803 2368 olim),
1829 2292 2162 2368 cujusmodi
2184 2293 2404 2352 scilicet
2427 2293 2493 2350 iu
2517 2313 2648 2370 po-

602 2388 751 2466 pulo
778 2393 1079 2459 Romane,
1105 2389 1257 2446 iuter
1284 2389 1609 2448 secundum
1641 2402 1702 2448 et
1740 2401 2102 2468 postremum
2131 2391 2359 2448 bellum
2387 2390 2648 2449 Cartha-

598 2487 869 2564 ginense‚
894 2487 1145 2544 maxime
1168 2487 1446 2564 viguisse,
1467 2470 1588 2545 non
1609 2486 1850 2564 quidem
1873 2507 2070 2545 amore
2085 2487 2358 2561 justitiae,
2384 2487 2490 2544 sed
2507 2488 2646 2545 for-

598 2583 822 2642 midine
844 2583 1038 2642 infidae
1059 2585 1249 2659 pacis,
1274 2585 1578 2664 cognitum
1593 2584 1766 2644 nobis
1784 2604 1854 2641 ex
1878 2583 2212 2662 fragmentis
2230 2583 2604 2642 sallustianis
2621 2608 2644 2658 3

598 2683 805 2740 Nasica
824 2681 940 2739 ille
979 2681 1221 2760 inquam
1258 2683 1532 2742 cordatus
1546 2727 1564 2754 ‚
1595 2681 1860 2760 quamvis
1899 2685 2118 2740 Catone
2155 2681 2498 2740 adversante
2514 2729 2534 2755 ,
2567 2695 2648 2742 ut

595 2793 764 2838 metu
785 2779 925 2836 vitia
948 2779 1387 2852 cohiberentur,
1413 2782 1820 2859 Carthaginem
1840 2780 2077 2837 nolebat
2099 2781 2308 2852 everti3
2333 2781 2502 2860 quod
2528 2793 2603 2838 ut
2619 2825 2640 2853 ,

594 2897 737 2936 cum
775 2877 847 2934 iis
884 2896 1019 2955 quae
1058 2891 1391 2955 sequuntur
1404 2921 1420 2948 ,
1452 2878 1666 2936 rectius
1711 2878 1886 2936 etiam
1921 2877 2312 2954 intelligatur,
2339 2878 2646 2945 nonnulla

592 2985 939 3053 argumento
980 2975 1121 3032 huic
1166 2987 1550 3034 consentanea
1596 2995 1669 3032 ex
1715 2975 1948 3032 Catonis
1993 2975 2176 3052 ipsius
2217 2976 2480 3033 censoria
2520 2995 2641 3053 pro

592 3071 1033 3130 Rhodiensibus
1050 3076 1311 3132 oratione
1327 3071 1490 3150 apud
1506 3077 1586 3127 .=‘'.··
1598 3071 1857 3148 Gellium
1875 3071 2024 3129 lecta
2041 3115 2058 3142 ‚
2079 3072 2198 3129 huc
2218 3071 2416 3134 oblata
2433 3073 2642 3131 bellis-

590 3169 744 3227 sima
778 3169 1081 3228 occasione
1122 3161 1502 3230 transcribam
1528 3191 1548 3240 3
1585 3181 1724 3226 sunt
1756 3189 1896 3226 vero
1935 3168 2061 3226 haec
2101 3189 2176 3226 ex
2203 3171 2278 3225 V.
2309 3169 2638 3248 Originum

590 3267 861 3342 ejusdem
901 3267 1057 3324 libro
1098 3287 1133 3324 a
1176 3267 1528 3345 politissimo
1571 3267 1678 3325 illo
1719 3266 2045 3324 Atticarum
2081 3267 2352 3326 noctium
2383 3281 2638 3328 auctore

592 3363 765 3421 nobis
795 3365 960 3442 quasi
986 3385 1092 3443 per
1121 3384 1329 3424 manus
1356 3364 1604 3422 tradita:

670 3463 801 3518 Scio
828 3465 1013 3518 solere
1020 3464 1320 3538 plerisque
1344 3463 1673 3518 hominibus
1701 3463 1868 3519 rebus
1891 3463 2161 3520 secundis
2179 3475 2357 3538 atque
2366 3465 2640 3538 prolatis·

590 3575 771 3635 atque
785 3561 1089 3636 prosperis
1121 3563 1382 3616 animum
1423 3562 1797 3616 excellentem
1833 3573 2008 3634 atque
2043 3561 2372 3635 superbiam
2388 3602 2411 3630 ,
2449 3573 2638 3636 atque

570 3659 945 3732 ferocitatem
970 3675 1275 3730 augescere
1295 3669 1471 3731 atque
1493 3675 1742 3712 crescere
1769 3655 1916 3733 (ubi
1949 3656 2092 3714 item
2113 3657 2344 3714 notabis
2367 3656 2636 3717 duarum

584 3753 873 3812 linearum
895 3753 1081 3830 spatio
1104 3753 1584 3826 conjunctionem
1605 3766 1780 3828 atque
1799 3753 2065 3810 iteratam
2082 3753 2218 3831 plus
2235 3753 2434 3815 minus
2451 3757 2636 3828 quin-

585 3852 825 3928 quies),
857 3851 1019 3926 quod
1037 3869 1187 3904 nunc
1206 3839 1354 3932 milti
1372 3869 1608 3924 magnoe
1629 3871 1786 3906 curoe
1804 3863 1891 3906 est
1900 3893 1922 3920 ,
1950 3853 2114 3926 quod
2133 3851 2264 3908 hoec
2281 3871 2372 3908 res
2391 3866 2516 3908 tam
2535 3874 2638 3910 se-

586 3951 775 4004 cunde
792 3949 1167 4023 praeessent,
1201 3965 1274 4002 ne
1301 3948 1448 4022 quid
1468 3949 1528 4002 in
1556 3947 1907 4002 consulendo
1929 3951 2165 4004 adversi
2176 3949 2438 4018 eveniat,
2466 3954 2644 4026 quod

585 4059 809 4102 nostras
829 4048 1116 4102 secundas
1139 4065 1228 4101 res
1251 4045 1557 4118 confr-icet,
1588 4065 1726 4101 neve
1753 4046 1880 4100 hoec
1911 4047 2113 4102 loetilia
2136 4049 2308 4102 nimis·
2329 4051 2636 4106 luxuriose

584 4144 829 4200 eveniat.
872 4137 1149 4199 Adversoe
1184 4163 1274 4199 res
1303 4161 1366 4200 se
1403 4144 1651 4200 domant
1672 4184 1689 4213 ‚
1729 4153 1792 4199 et
1832 4145 2046 4200 docent
2083 4145 2230 4220 quid
2246 4144 2430 4218 facto
2477 4167 2634 4223 opau-
