2775 4619
629 420 756 495 242
1015 417 1090 482 C.
1137 415 1543 482 LUCILII
1598 407 2237 484 FRAGMENTA

1460 540 1507 596 C
1524 541 1572 598 L
1588 541 1650 598 X
1665 542 1727 599 X
1742 543 1773 598 1
1792 541 1841 598 1.

705 634 1016 695 Tantidem
1041 634 1210 714 quasi
1236 635 1354 694 feta
1380 655 1553 694 canes
1584 637 1709 694 sine
1736 637 2003 696 dentibu’
2030 637 2243 698 latrat..

1422 736 1469 790 C
1488 735 1537 792 L
1552 735 1613 790 X
1628 735 1689 792 X
1706 737 1736 792 1
1752 735 1781 791 1
1802 735 1853 791 1.

702 833 837 890 Non
860 828 1220 888 frustillatim
1237 870 1254 900 ‚
1283 849 1394 888 nec
1420 830 1757 888 minutatim
1782 831 1927 888 dari.

1434 928 1481 984 C
1498 929 1546 984 L
1564 929 1625 986 X
1642 927 1701 984 X
1716 929 1747 984 1
1760 929 1835 986 V.

699 1023 974 1082 Pfivemo
999 1022 1318 1082 Oufentina
1339 1023 1501 1082 venit
1516 1067 1533 1095 ‚
1564 1023 1864 1102 fluvioque
1890 1024 2168 1086 Oufente.
2256 1035 2269 1048 ·

1465 1123 1512 1177 C
1530 1123 1577 1178 L
1597 1124 1657 1180 X
1674 1123 1733 1178 X
1746 1125 1820 1180 V.

702 1217 926 1276 Graecia
955 1217 1220 1298 Sulpicio
1247 1219 1390 1286 sorti
1416 1219 1551 1277 data
1564 1261 1581 1290 ,
1606 1219 1797 1277 Gallia
1824 1223 2031 1280 Cottae.

1437 1317 1484 1373 C
1500 1319 1547 1372 L
1565 1320 1625 1375 X
1646 1317 1706 1374 X
1720 1319 1775 1375 V
1790 1320 1838 1374 Ι.

695 1397 1034 1472 Rucnnmr'
1045 1383 1292 1488 juvenca
1307 1457 1325 1486 ‚
1353 1419 1415 1472 et
1444 1414 1631 1492 sputis
1658 1415 1856 1472 omnia
1884 1413 2123 1474 foeda'nt.

1406 1512 1455 1568 C
1476 1513 1523 1568 L
1544 1513 1607 1571 X
1624 1515 1686 1570 X
1700 1515 1752 1571 V
1764 1513 1794 1568 1
1810 1513 1863 1569 Ι.

710 1651 726 1668 .
751 1651 765 1667 .
791 1651 806 1665 .
830 1652 844 1666 .
869 1651 894 1678 .
912 1648 1204 1666 ........
1237 1607 1358 1666 Ore
1387 1608 1570 1666 salem
1598 1609 1913 1688 exspiravit
1938 1629 2221 1669 amarum.

1383 1706 1431 1762 C
1448 1707 1495 1761 L
1513 1707 1573 1762 X
1592 1707 1651 1763 Χ
1665 1707 1717 1762 V
1733 1709 1762 1763 1
1781 1710 1810 1764 1
1826 1707 1875 1763 Ι.

707 1843 1320 1863 ................
1344 1812 1364 1848 ·'
1387 1846 1401 1859 .
1427 1844 1441 1860 .
1468 1845 1481 1859 .
1507 1846 1522 1858 .
1548 1846 1561 1860 .
1594 1805 1951 1882 Quanquam
1978 1801 2091 1862 fuit
2118 1803 2263 1882 ipse.

1426 1899 1473 1956 C
1490 1899 1538 1956 L
1556 1901 1617 1959 Χ
1632 1903 1694 1958 X
1711 1903 1740 1957 1
1758 1901 1834 1958 X.

705 2037 2044 2056 ..................................
2084 1996 2275 2076 Clopo

693 2094 973 2156 Subsidio
1003 2105 1288 2152 occurrat.

1364 2213 1370 2222 .
1443 2176 1499 2230 C
1520 2175 1641 2231 LX
1658 2177 1721 2233 X
1738 2175 1818 2232 X.

707 2312 1440 2331 ...................
1478 2273 1582 2330 Nae
1615 2265 1864 2331 ridicule
1890 2268 2039 2331 mihi
2065 2266 2260 2329 cillus.

1734 2474 1829 2493 m

959 2608 1102 2679 Ex
1134 2579 1491 2677 'LIBRo
1542 2608 1580 2675 1
1643 2607 2317 2693 SATIRARUM.

698 2787 1001 2844 δειναῖς
1030 2783 1094 2842 in
1121 2785 1183 2841 X
1207 2786 1357 2846 Aen.
1384 2782 1615 2863 Virgilii
1637 2826 1654 2854 ‚
1683 2782 1757 2841 ad
1780 2780 1954 2843 illum
1980 2782 2217 2843 locum:

970 2882 1200 2949 Accipite
1229 2900 1347 2950 ergo
1371 2884 1578 2945 animis,
1600 2892 1750 2948 atque
1774 2882 1883 2932 haec
1910 2899 2019 2931 mea
2044 2880 2186 2948 figite
2213 2882 2364 2932 dicta.

621 2996 648 3026 ι
665 2976 852 3031 Totus
889 2970 988 3029 hic
1028 2970 1197 3029 locus
1239 2970 1316 3029 de
1358 2971 1557 3029 Primo
1598 2968 1815 3028 Lucilii
1848 2969 2161 3029 translatus
2188 2982 2276 3029 est
2292 3014 2309 3043 ‚
2344 2969 2451 3029 ubi
2481 2967 2622 3027 indu-

695 3175 811 3220 172.
837 3162 1029 3218 Varro,
1051 3158 1141 3207 lib.
1169 3160 1258 3219 IV,
1294 3158 1356 3207 de
1392 3162 1447 3207 L.
1482 3160 1591 3207 Lat.
1752 3156 1869 3219 1⁴75.
1883 3156 2125 3216 Isidorus,
2140 3152 2392 3223 Orig.lih.
2406 3154 2620 3223 1,cap.35.

616 3242 798 3290 'Utrum
826 3241 1051 3304 primum
1087 3256 1190 3289 una
1215 3241 1384 3299 emis,
1412 3256 1479 3290 an
1508 3254 1591 3289 ca·
1750 3238 1867 3299 176.
1898 3236 2067 3286 Nicol.
2100 3240 2343 3287 Pemtms
2369 3240 2427 3286 in
2454 3236 2621 3287 Martin-

614 3338 704 3370 noe
729 3321 794 3368 sit
818 3320 1080 3383 appellata.
1673 3318 1771 3367 lem
1786 3353 1801 3377 ‚
1822 3318 1885 3367 ad
1914 3320 2073 3383 epigr.
2099 3336 2120 3365 1
2137 3321 2197 3365 16
2218 3320 2276 3366 in
2294 3318 2603 3368 Fescennina:-

694 3401 808 3463 ¹73·
835 3400 1061 3449 Nonius:
1087 3398 1348 3449 Fruscacae’m
1382 3407 1433 3445 et
1452 3394 1595 3463 stus·
1752 3414 1868 3461 177·
1896 3400 2107 3447 Hieron.
2133 3398 2388 3449 Columna
2420 3400 2477 3447 in
2500 3394 2621 3461 expli·

619 3479 816 3533 tillatim
826 3516 844 3539 ,
863 3496 956 3545 per
975 3478 1134 3531 frusta
1147 3514 1161 3539 ,
1186 3492 1243 3528 ut
1271 3478 1564 3527 minutatim.
1679 3478 1965 3527 cationibus
1986 3480 2387 3544 fragmentorum
2408 3479 2558 3529 Ennii.

696 3571 818 3624 174.
854 3560 1026 3609 Festus
1047 3578 1059 3609 τ
1097 3558 1378 3625 Oufentina!
1418 3560 1569 3607 tribus
1581 3593 1598 3616 ‚
1757 3561 1877 3621 178.
1900 3560 2003 3609 Cic.
2024 3560 2088 3609 ad
2108 3561 2263 3609 Attio.
2285 3560 2383 3609 lib.
2403 3565 2490 3622 IV,
2504 3575 2570 3623 ep·
2586 3570 2619 3616 7-

617 3644 769 3693 initio
815 3658 963 3690 causa
1001 3640 1100 3689 snit
1143 3656 1332 3689 nomen
1373 3640 1600 3688 fluminis
1756 3654 1874 3701 179.
1894 3640 2040 3703 Clopo
2050 3640 2161 3697 ,vel
2182 3640 2358 3705 cloppe
2375 3658 2469 3705 pro
2481 3638 2620 3703 elippo,

624 3721 809 3787 Oufi’ns
821 3757 839 3780 ,
867 3721 1007 3785 quod
1047 3730 1122 3767 est
1157 3720 1212 3767 in
1247 3735 1367 3785 agro
1402 3719 1601 3767 Priver—
1676 3719 1817 3789 guod
1831 3720 1889 3766 in
1906 3721 2043 3769 MSS.
2066 3720 2254 3785 legitur
2272 3714 2367 3773 διὰ
2384 3718 2621 3792 συγκοπῆς,

616 3813 734 3851 nate
749 3838 764 3862 ,
784 3804 919 3851 iuter
942 3802 1001 3851 in
1025 3816 1159 3849 mare
1187 3810 1237 3849 et
1261 3800 1597 3849 Terracinam.
1676 3818 1773 3867 pro
1790 3801 2055 3866 claudipus
2069 3834 2086 3860 ‚
2105 3813 2167 3854 ut
2184 3803 2388 3853 clausus
2407 3802 2547 3869 pede,
2561 3813 2623 3863 ap·

617 3884 800 3932 Postea
816 3883 998 3931 deinde
1011 3898 1038 3929 a
1058 3881 1356 3932 Censor-ihus
1375 3880 1463 3928 alii
1474 3897 1603 3947 quo-
1677 3884 1894 3947 pellatur
1924 3882 2155 3933 claudus.
2188 3888 2339 3932 Forte
2370 3898 2557 3949 quoque
2576 3891 2620 3927 ex

618 3980 718 4028 que
736 3963 1040 4011 diversarum
1058 3964 1316 4015 civitatum
1333 3961 1498 4014 eidem
1511 3962 1602 4011 tri-
1680 3965 1857 4013 Graeco
1871 3996 1887 4022 ,
1912 3963 2068 4029 χωλὸς
2093 3963 2207 4024 τοὺς
2236 3958 2429 4024 πόδας.
2459 3979 2467 3991 “

620 4042 715 4093 hui
740 4054 860 4094 suut
883 4045 1136 4111 adscripti.
1251 4052 1254 4055 ’
1760 4045 1875 4092 180.
1908 4039 2069 4096 Cillus.
2085 4045 2227 4094 Idem
2250 4061 2310 4095 ac
2332 4045 2517 4095 cilium.
