2775 4619
472 340 606 421 248
854 341 950 413 c„
982 337 1366 403 LUCILn
1411 319 2050 403 FRAGMENTA

473 468 666 524 Roma
704 462 1009 541 descripsit
1038 456 1435 522 Brundusium
1471 481 1661 541 usque
1679 506 1698 535 ,
1735 479 2200 522 commemorans
2241 461 2371 538 ejus
2410 461 2523 521 iti-

473 563 629 622 ueris
656 561 1053 619 incommoda.

551 738 742 798 Millia
767 756 945 817 porro
964 737 1057 795 bis
1081 737 1262 815 quina
1286 736 1584 815 octoginta
1603 735 1832 795 videbis

553 834 883 896 Commoda
908 835 983 893 de
1012 836 1229 914 Capua.
1253 832 1405 893 Hinc
1429 833 1855 911 quinquaginta
1877 844 2054 911 atque
2076 832 2169 893 bis
2191 844 2349 891 octo.
2419 891 2438 901 ,

557 1032 653 1091 Ad
680 1044 907 1112 portam
935 1030 1098 1091 mille
1114 1074 1132 1103 ‚
1161 1051 1196 1089 a
1222 1042 1392 1110 porta
1415 936 1520 1088 ein:1
1523 974 1635 1087 'sex
1659 1028 1797 1089 inde
1821 1028 2148 1088 Salernum.

558 1226 705 1284 Inde
730 1224 1137 1284 Dicaearchum
1158 1131 1459 1305 populos}
1473 1130 1816 1301 Igelumque
1839 1223 2146 1282 minorem.

496 1414 504 1422 ’
560 1418 854 1499 Campana
880 1424 1095 1500 Capua.
1439 1324 1556 1555 13·

575 1637 1148 1654 ...............
1179 1594 1379 1675 Longe
1407 1539 1532 1653 tria·
1544 1592 1731 1653 millia
1754 1612 2053 1674 passuum.

1435 1696 1491 1751 V
1503 1694 1550 1750 1.

560 1794 791 1849 Verum
814 1789 938 1849 haec
964 1790 1147 1849 ludus
1174 1791 1259 1850 ibi
1274 1834 1291 1862 ,
1318 1810 1537 1868 susque
1560 1790 1755 1849 omnia
1782 1790 1976 1869 deque
2000 1788 2240 1849 fuerunt
2257 1834 2274 1861 ,

560 1890 796 1966 Susque
824 1901 882 1945 et
910 1888 1105 1967 deque
1133 1888 1297 1947 fuere
1316 1932 1331 1959 ‚
1362 1889 1607 1967 inquam
1625 1930 1642 1958 ‚
1671 1888 1868 1947 omnia
1883 1930 1901 1958 ,
1929 1886 2097 1944 ludu’
2115 1887 2442 1967 jocusque:

560 1984 726 2043 Illud
749 2005 899 2064 opus
928 1985 1148 2045 durum
1174 1998 1243 2044 ut
1271 1986 1539 2045 Setinum
1567 1985 1904 2043 accessimu’
1930 1984 2108 2042 finem
2120 2006 2139 2057 ;

563 2084 813 2154 Αἰγίλιπα
837 2093 1068 2141 montes
1089 2086 1292 2140 Aetnae
1318 2102 1524 2141 omnes
1540 2126 1558 2153 ‚
1582 2082 1772 2160 asperi
1792 2078 2076 2140 Athones.

1422 2182 1478 2235 V
1491 2182 1520 2237 1
1537 2180 1584 2235 1.
1683 2220 1690 2230 ,

562 2276 845 2336 Praeterea
872 2294 1048 2335 omne
1078 2275 1189 2335 iter
1216 2274 1332 2334 hoc
1359 2288 1448 2334 est
1471 2274 1743 2334 labosum
1765 2286 1944 2356 atque
1965 2276 2253 2336 lutosum.

1384 2377 1440 2430 V
1454 2376 1483 2431 Ῑ
1501 2375 1532 2429 Ῑ
1550 2376 1600 2430 Ῑ.

563 2473 747 2528 Porro
768 2469 1039 2528 homines
1062 2488 1318 2548 nequam
1344 2454 1536 2528 malus
1563 2481 1631 2528 ut
1657 2470 1974 2549 quartariu’
1995 2471 2202 2550 cippos

566 2565 856 2646 Colligere
884 2583 1104 2626 omnes.
1414 2649 1443 2703 Ι
1463 2645 1522 2703 X

563 2743 821 2803 Mantica
852 2741 1114 2800 cantheri
1140 2753 1329 2800 costas
1354 2744 1631 2821 gravitate
1658 2741 2010 2821 premebat?

564 2931 610 2962 1.
655 2912 857 2963 Nonius
892 2929 904 2959 :
948 2909 1258 2962 Commodum'
1279 2948 1300 2970 ,
1338 2911 1468 2960 iute-
1541 2910 1653 2962 ‘nou
1667 2913 2084 2978 magnipendere,
2097 2923 2249 2977 atque
2261 2912 2535 2964 interdum.

488 3011 632 3062 grum
648 3028 661 3054 ,
687 3005 869 3041 totum.
1544 2993 1793 3058 negligere
1819 3003 1870 3040 et
1895 3003 2236 3041 contemnere.
2266 3037 2272 3044 .

564 3091 611 3122 2.
643 3079 705 3121 A.
743 3070 936 3122 Gellius
958 3108 972 3132 ,
1002 3072 1093 3120 lib.
1128 3075 1154 3120 1
1172 3107 1189 3132 ‚
1222 3087 1328 3137 cap.
1372 3075 1464 3121 16:
1485 3069 1491 3074 ’
1619 3089 1665 3146 7.
1682 3072 1908 3120 Nonius:
1933 3071 2015 3118 Ab
2035 3088 2096 3120 eo
2113 3071 2255 3138 qnod
2273 3083 2348 3121 est
2367 3072 2528 3132 labos,

491 3155 626 3204 Mille
652 3169 865 3203 numero
892 3153 1136 3220 singulari
1162 3154 1355 3202 dictum
1374 3165 1466 3202 est.
1545 3150 1776 3200 labosum‘
1788 3151 1936 3209 facit,
1953 3167 2066 3200 non
2085 3149 2417 3201 laboriosum.

561 3237 613 3284 3.
649 3230 692 3282 F
692 3243 863 3281 ectus:
888 3233 1127 3281 Minorem
1158 3235 1335 3281 Delum
1366 3237 1466 3282 Pu·
1615 3234 1662 3279 8.
1681 3235 1880 3280 Festus:
1899 3233 2190 3294 Quat-tarius
2201 3233 2528 3298 appellahant

490 3315 652 3366 teolos
680 3331 785 3363 esse
822 3314 1063 3370 dixerunt
1082 3349 1096 3374 ,
1126 3315 1266 3379 quod
1304 3315 1463 3362 Delus
1540 3313 1742 3376 antiqui
1751 3313 2002 3362 muliones
2015 3315 2369 3372 mercenarios,
2382 3315 2528 3378 quod

488 3395 758 3461 aliquando
772 3377 1047 3441 maximum
1066 3395 1349 3458 emporium
1360 3395 1468 3442 fue-
1545 3402 1772 3456 quartam
1790 3403 1980 3456 partem
2001 3389 2220 3457 quaestus
2243 3393 2550 3456 capiebant.-

486 3475 557 3524 rit
578 3475 735 3522 totius
758 3472 897 3520 orbis
924 3482 1183 3522 terrarum.
1543 3473 1709 3531 —Et,
1736 3475 1856 3536 quia
1892 3473 2011 3522 mali
2045 3474 2295 3522 muliones
2322 3491 2413 3522 sua
2432 3475 2530 3538 ju-

560 3563 609 3610 4.
627 3551 873 3618 Porphyr.
886 3553 946 3600 in
958 3553 1131 3600 Horat.
1149 3551 1238 3600 lib.
1252 3556 1295 3610 1,
1312 3563 1403 3600 sat.
1419 3553 1468 3599 6.
1543 3563 1708 3600 menta
1723 3553 1781 3599 in
1799 3554 1975 3618 cippos
1994 3553 2266 3602 eminentes
2278 3588 2292 3612 ,
2310 3570 2419 3602 non
2435 3570 2532 3618 per

518 3663 530 3679 .
562 3635 611 3682 5.
638 3633 893 3684 Charisius
909 3667 925 3688 ,
944 3631 1033 3680 lib.
1054 3635 1135 3680 11:
1155 3635 1318 3698 Longe
1330 3667 1348 3690 ‚
1368 3648 1467 3696 pro
1544 3643 1732 3682 rectam
1751 3634 1883 3682 viam
1905 3633 2160 3682 ducebant
2173 3667 2189 3693 ,
2211 3635 2348 3682 unde
2367 3651 2426 3681 ea
2446 3633 2529 3682 vel

486 3714 737 3777 praecipue
754 3747 771 3770 ,
790 3713 1021 3768 maxime.
1543 3707 1776 3762 caderent
1797 3747 1814 3776 ,
1843 3713 1926 3762 vel
1957 3723 2236 3760 everterent
2262 3713 2496 3762 vehicula
2511 3747 2528 3772 ‚

558 3795 609 3840 6.
636 3793 831 3841 Gellius
845 3827 860 3851 ‚
877 3792 966 3840 lib.
990 3793 1115 3839 xvl
1128 3825 1144 3851 ,
1171 3807 1278 3856 cap.
1302 3807 1363 3854 9:
1386 3793 1463 3841 si·
1542 3794 1658 3842 ideo
1685 3793 1934 3841 dicuntur
1959 3791 2186 3856 colligere
2213 3791 2390 3856 cippos.

488 3871 698 3938 gnificat
731 3883 897 3920 autem
928 3888 1106 3936 susque
1138 3872 1298 3936 deque
1317 3869 1465 3936 serre
1615 3889 1664 3936 9.
1691 3872 2044 3938 Porphyrion,
2059 3874 2130 3920 -in-
2152 3875 2324 3922 Horat.
2355 3873 2445 3923 lib.
2469 3877 2496 3922 1
2510 3909 2528 3934 ,

490 3951 659 4000 auimo
675 3967 822 4020 aequo
841 3968 947 4004 esse
962 3986 977 4014 ‚
998 3963 1071 4015 et,
1096 3953 1239 4019 quod
1254 3952 1464 4012 accidit,
1542 3964 1630 4003 sat.
1659 3955 1708 4004 6.
1739 3955 1994 4015 Mamica,
2019 3969 2138 4020 pera
2161 3963 2250 4002 est.
