2775 4619
636 464 768 537 'AD
842 458 1371 539 SULPICIAE
1443 466 1908 534 SATIRAM.
2073 461 2078 465 ’
2158 471 2290 557 '2i7

234 591 337 655 sit.
361 598 647 655 Secundae
666 618 759 658 nes
788 597 994 653 loetitid
1018 608 1404 653 transvorsum
1431 595 1659 651 trudere
1685 596 1875 651 solent
1898 612 1938 649 a
1966 590 2118 651 κοτέ
2145 602 2292 651 con-2

238 697 493 751 sulendo
520 709 700 771 atque
732 695 1121 769 intelligendo·

240 794 324 848 Et
348 791 564 849 deinde
592 804 826 869 postea:

326 890 520 964 Atque
546 889 716 944 haud
738 890 859 945 scio
874 930 895 958 ‚
927 908 1009 945 an
1030 888 1251 963 partim
1288 905 1485 943 eorum
1497 887 1731 961 fuerint
1741 929 1762 957 ‚
1789 885 1903 963 ‘qui
1927 905 2044 944 non
2075 876 2294 945 nosiroe‘

240 989 613 1043 contumelia?
647 989 833 1043 causd
856 988 923 1041 id
946 989 1256 1063 voluerunt
1286 988 1508 1041 evenere
1523 1006 1546 1053 ;
1583 987 1693 1041 sed
1720 986 1878 1041 enim
1915 998 2164 1041 metuere
2179 1028 2200 1056 ‚
2231 988 2290 1043 si

243 1102 421 1139 nemo
442 1096 597 1139 esset
610 1084 784 1139 homo
804 1102 975 1160 quem
997 1102 1359 1151 vereremur,
1385 1080 1665 1159 quicquid
1685 1081 2285 1155 liberet,saceremus.

323 1180 425 1237 Ad
456 1179 779 1257 Sulpiciam
808 1180 1045 1238 tandem
1068 1179 1455 1237 reveniamuS.

242 1342 304 1384 v.
335 1318 443 1387 51.
488 1368 992 1385 ............
1019 1320 1188 1385 Nam
1218 1324 1370 1384 cum
1403 1318 1741 1385 defendier
1763 1321 1959 1384 armis

300 1399 307 1423 ⁶
472 1415 715 1481 Suadet
744 1438 929 1481 amor
960 1416 1217 1505 patriae,
1243 1432 1309 1482 et
1342 1418 1593 1507 captiva
1625 1415 1976 1481 Penatibus
2004 1412 2207 1498 uxor,

470 1512 793 1577 Convenit
827 1528 902 1577 ut
936 1513 1191 1602 vespis]

332 1646 615 1703 Convenit
637 1644 893 1721 pendere
923 1664 957 1703 a
990 1647 1303 1705 Penatibus
1327 1645 1564 1709 videtur
1579 1688 1596 1717 ,
1622 1658 1692 1703 ut
1725 1645 1884 1704 dicat
1909 1645 2136 1705 satirica
2171 1648 2290 1703 Pe-

244 1745 503 1814 natibus,
517 1742 632 1801 hoc
654 1743 771 1823 estj,
792 1741 1121 1801 cultoribus
1137 1743 1442 1802 Penatium
1461 1755 1520 1802 et
1537 1743 1853 1802 domorum
1871 1743 2046 1802 Urbis
2064 1742 2257 1801 statim
2269 1785 2288 1815 ‚

242 1840 357 1897 ubi
384 1839 533 1919 quid
560 1841 789 1899 adversi
820 1853 1091 1898 coortum
1119 1854 1207 1899 est
1223 1883 1240 1912 ,
1271 1841 1582 1899 convenire
1611 1841 1762 1899 inter
1787 1861 1848 1899 se
1878 1840 2246 1899 concorditer
2265 1882 2285 1910 ‚

242 1958 495 2016 unoque
524 1940 720 1995 animo
748 1938 812 1995 in
836 1937 1065 1995 hostem
1093 1958 1334 2017 pergere
1362 1939 1628 2017 quamvis
1656 1938 2067 1997 inimicissimis
2093 1951 2283 1996 antea.

246 2037 615 2115 Caeteroqui,
637 2055 897 2115 quonam
917 2038 1181 2093 convenit
1202 2035 1361 2093 istud
1376 2035 1494 2093 alio
1511 2025 1713 2094 referri
1728 2036 1938 2113 possit,
1958 2056 2079 2094 non
2092 2034 2284 2094 video·

240 2200 306 2241 v.
342 2174 446 2242 55.
478 2178 599 2241 Ast
624 2178 741 2243 ubi
767 2200 917 2267 apes
944 2199 1167 2242 secura
1188 2175 1360 2241 redit
1386 2176 1586 2241 oblita
1612 2175 1946 2259 favorum,

470 2274 665 2340 Plebs
684 2325 705 2358 ,
724 2275 1051 2364 fraterque
1079 2298 1213 2339 una
1237 2297 1468 2342 somno
1497 2275 1869 2340 moriuntur
1897 2274 2149 2364 obesa]

327 2404 491 2480 Quid
526 2421 616 2466 est
650 2409 866 2466 frater?
893 2410 1091 2480 nescio
1128 2408 1436 2490 equidem,
1454 2481 1458 2492 ἱ
1479 2429 1664 2486 neque
1705 2428 1812 2486 ego
1848 2411 2008 2466 istud
2034 2410 2277 2466 verbum

243 2507 503 2562 emim-im
542 2507 823 2564 titiviliczb.
858 2509 1095 2584 Itaque,
1120 2527 1241 2565 non
1278 2506 1489 2564 dubito
1505 2549 1522 2576 ‚
1551 2507 1698 2584 quin
1719 2509 1898 2582 plebs
1915 2549 1936 2577 ,
1961 2519 2283 2582 patresque

240 2603 542 2681 scripserit
586 2603 848 2682 Sulpicia
896 2623 1077 2681 apum
1136 2605 1253 2662 situ
1304 2603 1786 2661 marcessentium
1835 2602 2284 2681 Rempublicam

242 2700 496 2758 concilia
527 2745 543 2772 ,
589 2699 887 2780 ducesque
932 2721 1001 2758 ac
1047 2701 1260 2778 vulgus
1282 2743 1300 2771 ‚
1346 2701 1572 2758 senatui
1621 2699 1964 2780 populoque
2012 2703 2282 2757 Romano

246 2797 439 2876 (quos
468 2797 711 2876 quidem
746 2798 938 2876 plebis
955 2842 972 2870 ‚
1002 2819 1069 2855 ac
1113 2811 1349 2876 patrum
1387 2799 1627 2854 nomine
1660 2797 2138 2875 comprehendit)
2157 2799 2283 2876 jam

243 2896 522 2980 murcido
549 2915 816 2974 proram,
844 2896 1195 2973 incultaque
1222 2894 1471 2972 proinde
1499 2913 1566 2951 ac
1595 2894 1864 2952 socordia
1889 2894 2239 2972 torpescenti
2259 2938 2278 2966 ‚

244 2993 548 3071 aptissima
573 2993 780 3071 utique
809 2983 1201 3050 similitudine⁴
1218 2989 1580 3069 componens
1602 3012 1668 3048 ac
1695 2991 2195 3050 circumscribens.
2287 3068 2292 3074 ἢ

244 3149 289 3190 v
350 3127 458 3192 58.
507 3128 662 3192 Haec
703 3127 937 3193 fabella
976 3125 1175 3194 modo
1212 3149 1477 3217 pausam
1508 3126 1724 3215 facit.]

246 3250 455 3309 Malim
481 3252 679 3329 potius
702 3248 716 3307 ε’
1215 3264 1219 3268 ’

293 3345 299 3351 ’
604 3371 713 3417 Hoc
739 3368 916 3417 fabella
942 3369 1091 3417 modo
1105 3403 1121 3428 ,
1148 3379 1242 3417 etc.

240 3495 301 3538 v.
334 3473 443 3538 62.
483 3520 987 3537 ............
1015 3474 1298 3550 Tantum
1326 3475 1624 3538 Romana
1653 3474 1924 3538 Calenos

475 3572 754 3652 Moenia,
778 3567 1099 3657 jucundos
1133 3550 1504 3660 pariterque
1532 3574 1790 3663 adverte
1816 3571 2142 3659 Sabinos]

318 3711 772 3770 Emendandum
831 3715 1047 3770 Caleno
1062 3755 1084 3783 ,
1128 3711 1269 3770 item
1312 3725 1502 3771 averte
1543 3715 1788 3770 Sabinos
1805 3754 1827 3782 ,
1862 3731 1981 3770 non
2020 3713 2276 3768 adverte.

235 3813 446 3870 Unum
485 3810 642 3867 enim
676 3811 792 3867 hoc
828 3809 1173 3887 deprecatur
1207 3810 1498 3888 Sulpicia,
1529 3830 1604 3868 ne
1642 3809 1878 3886 conjugi
1915 3828 2024 3867 suo
2053 3808 2128 3886 (a
2156 3829 2280 3887 quo

235 3907 555 3966 tenerrime
601 3906 784 3964 amari
836 3925 991 3977 sese,
1034 3906 1366 3964 certissimis
1411 3907 1822 3984 experimentis
1866 3907 2166 3984 cognitum
2212 3927 2282 3966 ac
2366 3887 2372 3894 ο

233 4005 545 4084 provisum
580 4003 868 4079 habehat)
900 4005 962 4060 in
1000 4017 1155 4062 tanta
1190 4005 1556 4081 Reipublicae
1593 4003 2065 4081 perturbatione,
2093 4005 2296 4086 Musis⁴

236 4103 465 4174 scilicet
480 4143 497 4174 ,
524 4121 664 4160 cum
691 4099 851 4160 omni
881 4100 1323 4180 disciplinarum
1350 4112 1506 4160 coetu
1522 4143 1540 4172 ‚
1567 4101 2065 4179 importunissima
2085 4115 2284 4182 tyran-
