2775 4619
913 357 1313 425 SATIRA
1380 360 1535 426 111.

2182 357 2269 457 87

299 485 522 571 Atque
549 476 932 571 exporrecto
967 485 1375 551 trutinantur
1402 486 1597 551 verba
1622 486 1859 555 labello
1876 536 1901 570 ,

297 599 574 689 Aegi-oti
609 599 839 663 veteris
873 597 1258 666 meditantes
1294 602 1582 665 somnia:
1620 600 1821 689 Gigas·

300 717 405 781 De
429 714 627 779 nihilo
665 714 854 796 nihil,
880 718 948 778 in
979 716 1250 781 nihilum
1283 717 1384 781 nil
1399 740 1583 805 posse
1620 721 1860 783 reverti.

305 832 454 895 Hoc
467 848 584 911 est,
601 827 780 919 quod
792 832 991 920 palles
1007 830 1035 895 Ρ
1049 856 1168 897 cur
1182 833 1326 920 quis
1342 856 1479 898 non
1496 832 1841 922 prandeat,
1862 834 1987 901 hoc
2002 832 2131 901 est?
2203 840 2269 899 35
2290 924 2297 929 ,

305 948 430 1012 His
450 947 736 1035 populus
761 947 932 1013 ridet
949 997 966 1029 ,
992 949 1410 1037 multumque
1428 966 1644 1014 torosa
1662 952 1971 1037 juventus

303 1062 674 1151 Ingeminat
695 1063 1006 1127 tremulos
1036 1058 1195 1129 naso
1217 1065 1543 1153 crispante
1570 1065 1946 1133 cachinnos,

305 1177 601 1265 Inspice:
623 1176 843 1243 nescio
865 1178 1027 1266 quid
1048 1178 1332 1269 trepidat
1353 1180 1520 1242 mihi
1542 1196 1769 1269 pectus
1787 1230 1805 1262 ‚
1830 1181 2105 1281 etoegris
2190 1192 2197 1198 ‘

199 1385 286 1397 -—
306 1357 376 1403 Ec
413 1353 611 1403 rabiosa
653 1355 862 1403 silentia.
909 1352 1202 1407 Silentium

201 1434 398 1507 primo
423 1432 654 1487 studiosi
681 1435 923 1487 hominis
949 1448 1007 1487 et
1030 1434 1202 1489 medi·

205 1514 379 1568 tantis
409 1526 536 1567 nota
575 1527 694 1567 est:
729 1513 854 1566 ideo
891 1527 1078 1567 autem
1115 1535 1202 1569 ra·

203 1595 370 1649 bioca
395 1593 558 1659 dicit,
579 1595 708 1667 quia
725 1594 799 1647 de
825 1595 985 1667 plebe
1012 1596 1055 1647 si
1079 1596 1204 1667 quis

205 1674 574 1731 meditantem
618 1675 1012 1746 philosophum
1049 1675 1202 1729 vide·-

205 1754 289 1811 rit
314 1793 332 1821 ,
361 1767 528 1825 atque
555 1755 669 1825 ejus
699 1752 1206 1825 gestus.aliquando'

201 1834 512 1899 fidiculos‚
536 1834 686 1887 hunc
705 1853 964 1887 vesanum
994 1848 1091 1889 aut
1117 1854 1202 1887 ra-

205 1916 435 1967 biosum
471 1914 820 1967 existimabit.
855 1915 918 1967 P.

286 1996 356 2049 82
369 2034 381 2047 .
413 1999 581 2063 Atque
615 2010 902 2062 exporrecto
921 2034 938 2056 ‚
969 1999 1080 2064 eta]
1121 1996 1205 2047 Ita

207 2076 276 2131 fit
296 2096 553 2131 murmur
565 2076 838 2133 labiorum
851 2076 1204 2139 motitatione,

211 2170 278 2211 ut
309 2156 602 2211 videantur
635 2158 796 2210 verba
829 2157 1034 2228 singula
1066 2176 1203 2228 pen·

205 2239 386 2295 sitari.
419 2238 482 2292 P.

286 2321 382 2373 83.
433 2320 642 2388 Aegroti
680 2324 868 2374 v‘vetet-1⁰5
917 2325 1206 2373 meditantes

205 2403 448 2468 somnia]
466 2399 553 2454 Sic
579 2407 676 2471 per
695 2413 1070 2472 contemptum
1091 2400 1206 2472 pla-

207 2481 323 2535 cita
352 2481 734 2552 philosophica
755 2494 930 2534 vocat.
957 2482 1205 2534 Lactant.

209 2581 286 2615 ex
307 2572 421 2614 vet.
446 2566 600 2632 poe't.
627 2561 702 2613 sic
725 2560 917 2614 habet:

207 2660 460 2706 Postremo
509 2673 648 2704 nemo
702 2668 899 2720 aegrotns
949 2657 1206 2720 quidquam

341 2729 547 2776 somniat
563 2762 582 2784 ,
885 2745 888 2748 ’

209 2801 334 2851 Tafn
369 2798 608 2846 infandum
621 2833 635 2855 ‚
669 2799 798 2862 quod
827 2816 925 2848 nou
952 2799 1118 2862 aliquis
1140 2801 1210 2848 dif-

341 2879 420 2916 cat
452 2869 776 2934 philosophus.

287 2958 382 3018 84.
415 2963 493 3008 De
521 2961 675 3010 nihilo
705 2962 857 3019 nihil,
885 2963 1011 3028 ete.']
1043 2960 1206 3014 Axio-

208 3057 302 3092 ma
358 3037 714 3110 physicorum
755 3039 1200 3110 vulgatissimum.

209 3115 368 3170 Vide
397 3119 622 3172 Lucret.
655 3119 748 3171 lib.
782 3120 831 3170 1.
873 3119 943 3172 Et
975 3122 1050 3172 Μ.
1095 3123 1208 3174 An·

211 3199 400 3253 tonin.
433 3200 547 3252 IV:
581 3196 742 3253 Οὑδεν
787 3203 842 3254 ἐκ
871 3206 954 3254 τοῦ
997 3199 1206 3273 μηδενὸς

211 3282 444 3351 ἔρχεται,
477 3280 642 3351 ὥσπερ
683 3277 808 3352 μήδ’
836 3283 903 3342 εἰς
943 3283 1000 3334 τὸ
1041 3284 1126 3336 οὐκ
1155 3282 1204 3336 ὃν

213 3360 517 3430 ὶπέρχιται.
547 3360 614 3412 C.

294 3437 386 3490 85.
407 3441 513 3488 Ηοσ
530 3453 602 3488 esc
617 3442 754 3504 qaod
765 3443 925 3506 palles
933 3441 994 3511 ι’]
1022 3440 1208 3496 Senec.

215 3517 381 3589 epist.
434 3518 682 3572 XLVIII
716 3558 733 3584 ‚
779 3519 848 3574 de
895 3522 1204 3589 puerilibus

213 3595 528 3670 logicorum
555 3598 776 3669 ineptiis
802 3619 815 3651 t
845 3606 950 3652 Hoc
981 3617 1054 3652 esc
1077 3606 1215 3668 qubd

214 3679 375 3728 tn'stes
403 3679 629 3727 docemus
649 3693 700 3727 et
711 3681 894 3745 pallidi
905 3688 932 3729 .·’
959 3679 1098 3731 0.-
1118 3685 1214 3732 Cur

215 3759 330 3824 qm‘s
348 3777 449 3809 non
459 3761 736 3825 prandeat:
746 3761 838 3810 hoe
849 3775 935 3811 est.
953 3759 1214 3833 Adeoque

1283 1354 1447 1407 semel
1468 1354 1525 1406 in
1550 1353 1641 1408 die
1668 1355 1857 1409 cibum
1884 1356 2060 1427 capiat
2078 1356 2274 1428 ;·quod

1285 1446 1473 1486 contra
1496 1452 1846 1487 communem
1868 1448 1982 1488 erat
2004 1438 2275 1489 Romano-

1281 1532 1407 1567 rum
1433 1512 1925 1567 consuetudinem:
1955 1515 2099 1567 intra
2128 1516 2277 1569 enim

1285 1592 1531 1664 quintam
1566 1606 1621 1646 et
1655 1606 1863 1647 sextam
1898 1594 2123 1658 horam,
2154 1614 2276 1647 cor·

1280 1674 1430 1747 poris
1469 1672 1812 1727 sustentandi
1853 1679 2045 1740 causa,
2083 1676 2274 1727 cibum

1283 1772 1475 1825 capere
1502 1754 1744 1812 solebant
1763 1790 1780 1816 ,
1802 1772 1925 1825 quae
1952 1756 2269 1810 comessatio

1281 1833 1581 1906 prandium
1612 1835 2020 1889 nominabatur.
2064 1838 2129 1889 A.

1275 1928 1280 1933 '
1356 1916 1446 1967 86.
1479 1917 1566 1965 His
1578 1917 1792 1981 populus
1812 1918 1973 1983 ridea]
2007 1914 2174 1986 Apud
2193 1934 2281 1967 ve-

1284 2005 1425 2045 teres
1446 1996 1575 2060 ridee
1593 1992 1741 2049 idem
1765 1993 1915 2065 quod
1936 1993 2177 2055 arridet,
2198 2014 2278 2047 as·

1285 2074 1523 2127 sentitur
1557 2086 1611 2127 et
1645 2074 1876 2145 plaudit.
1898 2074 2073 2129 Aliter
2109 2075 2281 2130 sentit

1289 2154 1557 2207 eruditiss.
1610 2157 1985 2228 typographus
2038 2168 2224 2209 noster
2252 2192 2272 2221 ‚

1291 2238 1451 2307 cujus
1482 2246 1609 2287 nota
1636 2236 1749 2289 haec
1780 2249 1862 2289 est
1888 2255 1900 2285 :
1931 2266 2003 2277 ·-—-
2030 2260 2053 2283 ι
2077 2240 2164 2287 His
2178 2255 2275 2304 po·

1293 2341 1316 2364 «
1329 2320 1481 2384 palus
1508 2320 1649 2367 ridet.
1670 2320 1815 2369 Ridet
1828 2335 1897 2370 ne
1922 2331 2055 2388 peut
2074 2337 2171 2389 pas
2188 2356 2205 2382 ‚
2223 2319 2278 2389 je

1293 2423 1315 2446 ι
1339 2399 1481 2452 crois
1499 2435 1515 2462 ‚
1555 2397 1799 2470 signifier
1825 2402 2111 2460 *assentitur
2126 2421 2148 2460 ;
2192 2417 2282 2452 car

1293 2504 1314 2525 α
1338 2479 1377 2532 il
1412 2479 1568 2532 ferait
1604 2498 1680 2534 un
1718 2494 2197 2534 contresens-avec
2234 2479 2284 2532 la

1291 2585 1313 2606 ι
1336 2560 1479 2612 suite
1504 2597 1521 2622 ,
1564 2562 1852 2627 ingeminat.
1870 2597 1882 2608 .
1901 2598 1913 2610 .
1931 2597 1943 2610 .
1988 2562 2279 2610 cachinnos.

1290 2665 1312 2686 ι
1337 2639 1483 2692 C’est
1511 2658 1621 2695 une
1648 2656 1839 2709 especc
1881 2638 1950 2690 de
1988 2641 2225 2710 repense
2252 2641 2284 2689 a

1292 2743 1314 2766 e
1337 2738 1425 2772 ces
1453 2731 1595 2772 mots
1616 2737 1629 2769 t
1655 2723 1707 2770 Ia
1734 2722 1856 2772 belle
1881 2721 2047 2770 raison
2073 2737 2210 2785 pour
2233 2737 2285 2769 se

1292 2820 1504 2869 «passer
1526 2804 1588 2852 de
1612 2801 1790 2850 dfner!
1822 2799 1963 2851 aussi
1992 2799 2043 2850 le
2072 2798 2279 2870 peuple

1287 2906 1309 2927 ι
1332 2900 1390 2933 se
1405 2899 1613 2951 unoque
1634 2878 1817 2942 d'eu13
1832 2879 1897 2930 ils
1913 2879 2034 2930 font
2054 2877 2282 2948 pouffer

1289 2985 1312 3006 ιι
1334 2958 1403 3012 de
1432 2959 1540 3012 rire
1573 2960 1651 3012 les
1680 2961 1875 3029 jeunes
1906 2976 2047 3028 gens.
2071 2983 2092 3002 ›-
2122 2958 2181 3009 F.
2206 2959 2277 3008 D.

1285 3072 1358 3082 --
1381 3046 1574 3092 Tot-osa.
1623 3039 1758 3092 Tori
1780 3077 1796 3104 ,
1846 3039 2001 3090 nervi
2040 3057 2065 3094 ε.
2102 3037 2231 3090 hinc
2256 3074 2275 3102 ‚

1290 3135 1508 3175 torosus
1560 3119 1825 3192 significat
1882 3120 2173 3172 robustum
2223 3131 2281 3172 et

1287 3201 1712 3272 corpulentum3
1734 3213 1807 3264 et,
1825 3201 2069 3254 hocloco
2082 3237 2099 3264 ,
2120 3215 2285 3252 torosa

1276 3286 1505 3352 juventus
1536 3281 1720 3354 accipi
1760 3279 1927 3334 debet
1960 3282 2288 3354 protjuven-

1289 3374 1409 3416 tute
1429 3362 1632 3416 militiae
1648 3360 1834 3415 dedita
1848 3375 1907 3415 et
1926 3362 2137 3415 hircosa
2158 3380 2291 3432 gen-

1291 3456 1346 3496 te
1373 3443 1762 3496 centurionum
1778 3481 1791 3495 .

1363 3525 1455 3594 87.
1499 3528 1746 3576 Demulos
1773 3543 1893 3574 naso
1926 3517 2173 3589 erisp'ante
2202 3540 2291 3572 ea-

1289 3606 1530 3671 eleimon]
1555 3606 1782 3677 Egregia
1810 3607 2144 3674 μυκτηρισμοῦ
2161 3639 2174 3659 ,
2202 3603 2295 3653 vel

1265 3683 1464 3736 “soluti
1501 3683 1641 3736 risus
1675 3681 1987 3761 descriptio.

1371 3763 1463 3816 88.
1511 3767 1727 3830 Inspice,
1763 3764 1920 3813 neseio
1962 3762 2089 3827 quid
2101 3797 2120 3820 ,
2158 3761 2283 3835 eta]

313 3921 379 3968 V.
410 3920 495 3968 85.
527 3921 633 3967 Hoc
657 3931 754 3978 esc,
777 3923 915 3985 quod
927 3923 1107 3987 palles.
1139 3924 1262 3974 cod.
1290 3925 1593 3973 Thuaneus:
1616 3921 1708 3970 hoe
1736 3933 1808 3970 ese
1834 3935 1923 3970 cur
1940 3923 2103 3987 palles
2117 3940 2139 3980 ,·
2167 3924 2293 3974 item

227 4000 340 4050 duo
375 4001 484 4050 alii.
513 4001 622 4049 «At
640 4035 655 4059 ‚
685 3998 856 4067 iuquit
895 4004 1104 4054 Canub.
1142 4006 1316 4054 minus
1349 4006 1611 4070 eleganter
1648 4013 1699 4052 et
1731 4019 2051 4068 perperam.»
2082 4003 2296 4055 Codices

211 4082 487 4155 nonnulli,
513 4081 650 4147 quid.
675 4083 807 4132 Edit.
827 4084 1002 4148 Aidin.
1031 4085 1182 4150 quod.
1209 4089 1286 4134 Ita
1311 4100 1520 4151 quoque
1555 4083 1670 4154 cvi.
1702 4095 1899 4134 noster.
