2775 4619
540 367 687 456 176*

1062 367 1145 429 A.
1200 364 1575 431 PERSII
1635 362 2026 433 FLACCI

524 577 528 582 .
607 491 952 555 ‘Exossatus
980 506 1133 579 ager
1168 492 1351 577 juxta
1384 507 1501 557 est.
1535 493 1710 582 Age,
1744 493 1799 557 si
1833 495 1998 557 mihi
2037 494 2216 559 nulla

552 676 557 681 ,
610 605 647 669 J
650 628 753 670 am
778 604 1029 694 reliqua
1052 628 1131 670 ex
1147 606 1402 687 amitis,
1431 608 1740 695 patruelis
1765 608 1974 689 nulla,
1999 610 2342 699 proneptis

606 722 807 787 Nulla
832 738 1051 810 manet
1076 724 1334 810 patrui,
1360 722 1594 789 sterilis
1622 740 1964 788 matertera
1983 718 2176 806 vixit,

604 839 835 927 Deque
860 838 1001 937 avia
1030 838 1314 901 nihilum
1346 855 1671 928 superest3
1697 838 1935 905 accedo
1961 840 2238 906 Bovillas
2257 888 2276 923 ,
2309 909 2326 917 ,

520 1022 690 1089 Quasi
715 1023 873 1076 heres
899 1023 1147 1097 ringatur
1174 1020 1245 1075 ad
1269 1023 1386 1095 haec
1407 1061 1423 1087 ,
1445 1038 1501 1077 et

520 1116 849 1159 murmuret.
882 1103 1097 1175 Ecquid
1128 1106 1244 1157 haee
1275 1124 1361 1157 res
1399 1106 1502 1157 tibi

520 1184 743 1239 molesta
780 1184 899 1238 est?
926 1186 1200 1237 L.--N0n
1238 1188 1395 1246 adeo,
1426 1188 1504 1235 in·

524 1270 647 1335 quis.
667 1266 1039 1318 Perobscurus
1065 1266 1157 1317 hic
1182 1266 1337 1318 locus
1362 1264 1548 1317 mul-³

401 1367 409 1381 ³
486 1372 491 1377 ·
524 1358 609 1399 tas
628 1346 824 1417 accipit
843 1345 1336 1415 interpretationes.
1359 1344 1502 1397 Alii:

524 1448 641 1483 non
672 1426 807 1480 adeo
840 1426 1032 1479 fertilis
1065 1439 1119 1478 et
1152 1427 1394 1496 optimus
1426 1437 1506 1477 est

523 1507 731 1563 fundus
766 1521 893 1560 tuus
912 1545 929 1572 ‚
955 1519 1019 1559 ut
1054 1504 1369 1559 hereditatis
1397 1518 1506 1559 tuae

522 1588 719 1643 avidus
733 1587 837 1639 'sim
853 1626 868 1651 ‚
888 1599 943 1639 et
957 1582 1139 1640 vetare
1157 1587 1347 1650 velim,
1370 1578 1506 1658 quin

524 1688 749 1743 prorsus
782 1668 839 1720 in
869 1664 1179 1737 largitiones
1216 1666 1504 1731 effundas;

526 1750 614 1803 vel
647 1748 835 1819 potius
871 1765 983 1799 nou
1024 1746 1098 1799 ita
1138 1745 1285 1799 dives
1320 1765 1377 1798 es
1397 1783 1414 1809 ,
1441 1759 1507 1797 ut

478 1867 482 1871 -
524 1829 613 1882 his
650 1826 902 1880 sufficere
936 1827 1122 1897 possis.
1160 1827 1298 1890 Quae
1335 1826 1506 1879 inter-

524 1909 762 1981 pretatio
798 1926 862 1959 eo
900 1904 1151 1959 contorta
1187 1906 1355 1982 magis
1393 1918 1506 1971 est,

528 1988 681 2062 quod
722 1990 1045 2059 interpretes
1093 2001 1244 2041 extra
1290 2006 1510 2041 sensum

514 2070 799 2142 ¹explicam:
854 2068 1129 2119 exossatum
1154 2105 1172 2127 ‚
1229 2067 1462 2119 fertilem
1491 2086 1504 2117 ε

526 2168 730 2221 porr0‚
758 2162 1031 2199 exossatum
1056 2145 1379 2219 significasse
1409 2166 1511 2199 un·

532 2248 695 2301 quam
705 2229 929 2295 fertilem
944 2266 961 2288 ,
985 2228 1105 2299 quis
1129 2246 1373 2299 unquam
1395 2246 1511 2279 cre-

530 2307 659 2364 dat?
677 2309 783 2362 Alii
798 2328 811 2360 :
834 2328 945 2361 non
965 2306 1103 2360 adeo
1118 2320 1221 2361 tuae
1236 2306 1512 2380 largitioni

528 2387 790 2443 adversor
816 2407 832 2451 ;
868 2399 948 2440 est
983 2387 1133 2439 enim
1164 2387 1294 2450 tibi,
1318 2390 1476 2460 juxta
1493 2423 1512 2448 ‚

530 2487 658 2541 ager
702 2467 913 2522 fertilis.
957 2466 1231 2520 Eumdem
1272 2487 1516 2520 errorem

532 2561 680 2603 creat
706 2548 934 2602 verbum
965 2563 1228 2599 exossatus.
1251 2549 1360 2600 Alii
1395 2568 1515 2602 sen-

533 2650 659 2684 sum
698 2641 945 2701 separant
972 2666 988 2694 ,
1028 2641 1084 2680 et
1125 2628 1323 2682 dicunt
1347 2652 1361 2681 ε
1392 2646 1514 2681 ,non

531 2711 669 2765 adeo
698 2723 805 2764 tuae
832 2710 1106 2782 largitioni
1132 2710 1419 2764 adversor:
1445 2709 1514 2762 ad

534 2809 659 2862 quae
688 2795 850 2861 poeta
883 2787 1183 2860 respondet
1216 2809 1228 2840 ε
1270 2803 1351 2842 est
1378 2789 1515 2842 mihi

531 2891 657 2943 ager
693 2870 886 2923 fertilis
914 2875 1102 2940 juxta,
1134 2885 1223 2921 etc.
1258 2870 1395 2935 Quae
1425 2871 1515 2922 in-

532 2949 854 3022 terpretatio
880 2969 1023 3022 pene
1058 2949 1245 3022 inepta
1270 2962 1383 3016 est;
1413 2969 1515 3002 nec

531 3027 639 3084 hoc
664 3049 988 3102 responsum
1014 3035 1191 3102 poetae
1220 3030 1518 3093 concordat

534 3131 664 3164 cum
708 3109 926 3164 heredis
983 3111 1265 3183 proposito
1296 3130 1315 3178 ;
1352 3107 1518 3182 atque

535 3186 603 3246 ilat
651 3191 794 3243 Galli
838 3190 1033 3242 dicunt
1055 3229 1085 3259 ⁹,
1112 3194 1229 3242 c'est
1263 3197 1441 3259 parler
1483 3196 1518 3242 ὰ

537 3271 711 3323 heitom
735 3290 942 3336 rompus.
977 3269 1083 3321 Alii
1114 3269 1337 3324 demum
1366 3293 1380 3324 ε
1415 3291 1516 3322 non

536 3356 664 3403 adeo
685 3351 955 3420 (verbum
973 3353 1183 3421 juris),
1210 3371 1320 3405 non
1344 3351 1481 3406 adeo
1497 3391 1514 3418 ‚

534 3432 753 3503 accipio·
778 3429 1139 3484 hereditatem
1175 3446 1361 3499 tua1n3
1393 3453 1518 3504 ager

536 3512 687 3566 enim
708 3525 837 3564 tuus
862 3511 946 3562 his
976 3511 1235 3583 impensis
1251 3553 1268 3578 ‚
1293 3514 1379 3586 his
1408 3513 1516 3566 lar-

2508 845 2586 903 55

1579 1021 1877 1095 gitionibus
1917 1036 2165 1075 exossatus
2181 1062 2200 1085 ,
2235 1025 2546 1079 exhaustus
2567 1064 2588 1090 ‚

1580 1102 1650 1155 ad
1689 1102 1926 1156 nihilum
1970 1122 2115 1174 pene
2160 1104 2420 1157 redactus
2473 1118 2586 1157 est.

1582 1184 1754 1236 Porro
1767 1220 1786 1247 ‚
1799 1183 1950 1255 apud
1964 1186 2236 1237 Romanos
2249 1224 2268 1247 ‚
2286 1204 2469 1257 prope
2488 1188 2587 1239 in-

1585 1264 1738 1316 famis
1763 1277 1879 1315 erat
1906 1263 1997 1316 ille
2029 1267 2184 1335 cujus
2205 1265 2586 1327 hereditatem

1583 1346 1906 1399 recusabant
1954 1346 2276 1418 propinqui.
2320 1353 2434 1415 Age
2450 1386 2472 1409 ,
2515 1351 2586 1399 eh

1588 1429 1732 1478 bien!
1745 1429 1958 1494 put‘sque
1982 1419 2036 1477 tu
2065 1428 2178 1477 n'en
2205 1447 2348 1478 ven-2·
2356 1449 2486 1494 pas,
2515 1442 2586 1481 tu

1584 1505 1942 1560 hereditatem
1972 1526 2148 1559 meam
2180 1526 2294 1559 non
2327 1508 2539 1579 accipis
2563 1545 2584 1572 ,

1586 1587 1771 1658 inquit
1793 1584 1945 1640 dives
1965 1626 1981 1653 ,
2003 1607 2098 1655 age
2112 1625 2131 1647 ,
2159 1588 2234 1640 ita
2259 1584 2329 1640 sit
2352 1607 2366 1638 ε
2397 1590 2584 1641 alium

1581 1664 1841 1718 heredem
1861 1684 2134 1737 quaeram3
2159 1684 2260 1719 nec
2285 1667 2422 1720 mihi
2447 1664 2588 1720 dee·

1584 1746 1678 1799 rit.
1727 1746 1880 1798 Hanc
1933 1746 2351 1817 explicationem
2395 1748 2586 1800 veluti

1585 1826 1876 1897 genuinam
1897 1839 1950 1879 et
1973 1827 2142 1879 solam
2164 1840 2344 1899 aptam
2365 1846 2586 1899 propo-

1587 1906 1772 1959 sitioni
1793 1906 2024 1978 recipio.
2043 1905 2188 1960 Vide
2209 1926 2374 1980 supra
2393 1908 2583 1961 varias

1588 1986 1872 2041 lectiones.
1902 1988 1967 2039 A.

1661 2066 1751 2119 52.
1793 2070 2092 2136 Exossatus]
2133 2068 2444 2121 Exhaustus
2467 2106 2483 2131 ‚
2525 2081 2590 2121 et

1585 2144 1698 2218 jam
1737 2146 1853 2199 sine
1893 2164 2056 2199 succo
2091 2159 2147 2199 et
2187 2147 2448 2209 bonitate.
2491 2148 2588 2199 Ita

1589 2228 1784 2295 passim
1825 2226 1973 2298 apud
2012 2224 2270 2281 Plautum
2311 2242 2367 2281 et
2406 2228 2549 2281 alios
2567 2266 2588 2293 ,

1592 2327 1696 2378 pro
1745 2321 2033 2380 enervatus
2063 2345 2080 2372 ‚
2129 2306 2462 2361 debilitatus.
2509 2339 2586 2377 5-

1591 2393 1763 2438 Juxta.
1790 2386 1908 2440 Hoc
1934 2389 2086 2451 loco,
2110 2387 2259 2442 idem
2280 2407 2339 2442 ac
2359 2407 2544 2460 prope
2565 2427 2586 2454 ,

1594 2487 1736 2538 pene
1751 2487 1768 2534 ς
1791 2481 1855 2520 ut
1877 2469 1936 2520 iu
1958 2471 2187 2532 Caesare,
2195 2471 2354 2539 juxta
2369 2473 2444 2520 ad
2454 2472 2588 2520 sedi-

1593 2551 1772 2620 cionem
1824 2566 2045 2602 ventum.
2075 2582 2148 2592 -
2174 2557 2283 2619 Age
2300 2590 2317 2613 ,
2369 2554 2414 2601 si
2454 2551 2592 2602 mihi

1594 2631 1761 2688 nulla,
1787 2643 1874 2681 etc.
1899 2630 2200 2701 Responsio
2222 2629 2404 2682 divitis
2424 2627 2555 2702 <⁴111ae
2569 2668 2586 2692 ,

1593 2709 1654 2760 in
1691 2722 1881 2762 nostro
1925 2727 2088 2761 sensu
2112 2748 2130 2776 ,
2169 2721 2324 2762 recte·
2354 2708 2584 2762 heredis

1593 2790 1776 2844 verbis
1801 2803 2039 2860 aptatur.
2064 2788 2194 2843 vid.
2226 2809 2350 2862 sup.
2381 2792 2448 2842 A.

1668 2869 1754 2922 53.
1769 2871 1980 2940 Amicis]
1997 2871 2196 2934 Amita,
2212 2871 2381 2940 patris
2399 2888 2579 2923 soror.
2670 2907 2673 2912 -

1593 2953 1848 3000 Patr-uelis.
1885 2949 2004 3002 Hoc
2035 2949 2156 3002 loco
2171 2988 2188 3014 ‚
2217 2951 2547 3002 consobrina
2569 2971 2584 3000 :

1595 3044 1962 3102 praeterquam
1992 3024 2148 3102 quod
2182 3031 2454 3100 patrueles
2493 3031 2582 3083 di·

1597 3126 1803 3164 cuntur
1821 3131 1886 3164 ex
1905 3111 2123 3164 duobus
2139 3111 2398 3164 fratribus
2416 3109 2548 3164 editi
2562 3149 2581 3174 ‚

1597 3192 1911 3246 consobrini
1933 3208 2063 3246 vero
2097 3211 2166 3244 ex
2191 3190 2404 3245 duabus
2427 3210 2582 3246 soro-

1593 3273 1765 3326 ribus.
1785 3273 1842 3324 P.

1669 3355 1752 3416 54.
1765 3357 1948 3406 Seert‘ltls
1955 3367 2216 3406 matertera
2223 3355 2394 3425 vix-ia]
2411 3355 2462 3406 Si
2473 3373 2586 3408 ma-

1597 3435 1694 3486 tris
1713 3454 1846 3487 mete
1867 3453 2023 3488 soror
2043 3436 2261 3488 nullum
2284 3434 2526 3505 reliquit.

1671 3515 1756 3569 55.
1779 3522 1954 3584 Deque
1971 3519 2083 3568 avia
2103 3519 2310 3566 nihilum
2329 3519 2582 3584 supe-resa]

565 3677 573 3686 ⁸
608 3675 672 3722 V.
714 3675 746 3723 5
751 3675 797 3723 5.
835 3671 1067 3722 Bovillas.
1092 3697 1115 3718 α
1136 3675 1353 3724 Bouillas
1384 3693 1560 3728 omnes
1591 3678 1738 3726 codd.
1772 3679 1962 3727 habent
1979 3713 1995 3739 ,
2017 3661 2188 3743 inquit
2219 3677 2580 3738 casaubonus,

540 3779 566 3801 α
580 3773 691 3805 non
717 3755 954 3811 bolessau
976 3765 1275 3820 quo-tamen
1308 3757 1464 3806 modo
1491 3760 1772 3808 nonnullos
1801 3759 2058 3824 scripsisse
2087 3777 2150 3807 ex
2169 3760 2583 3811 Nonio,constat.

514 3859 563 3896 ⁴a
578 3837 873 3897 renuuntur,
896 3837 988 3900 qui
1019 3852 1127 3884 eam
1161 3838 1462 3900 scripturam
1497 3849 1736 3899 tuentur,
1765 3841 1884 3903 quia
1915 3841 2076 3888 Graeci
2101 3839 2327 3887 scribunt
2358 3838 2578 3903 βαΰ-λαις

528 3933 565 3962 ·«
578 3933 695 3964 nam
712 3927 787 3964 est
806 3928 866 3965 ut
884 3917 995 3980 βόες
1012 3949 1029 3978 ,
1055 3917 1189 3964 boves
1199 3952 1217 3975 ,
1241 3917 1310 3976 ὄϊς
1326 3953 1344 3981 ,-
1364 3919 1462 3968 ovis
1473 3955 1489 3978 ,
1509 3933 1561 3968 et
1577 3923 1650 3970 ita
1669 3937 1913 3986 semper.»
1934 3921 2267 3981 Cod.noster.‚
2281 3928 2334 3970 et'
2349 3921 2588 3986 aliiquos

542 3995 765 4045 vidimus
778 4030 794 4056 ,
814 3995 1000 4047 hahent
1027 3997 1231 4048 bouillas
1252 3997 1377 4065 (pro
1406 4000 1602 4053 bovillas
1613 4037 1634 4062 ,
1663 4017 1700 4049 u-
1719 4013 1816 4068 pro
1843 3999 1929 4068 r),
1951 4011 2000 4052 ct
2019 4017 2192 4051 omnes
2213 4001 2325 4050 edd.
2344 4001 2540 4070 priseae.
