2775 4619
768 573 1255 697 SATIRA
1317 520 1490 663 w.

530 794 639 838 DE
685 789 952 838 MALIS
999 788 1597 837 PRINCIPIBUS.

195 942 317 1089 R.
331 1014 369 1055 ιτ.
381 1013 434 1053 ιι
457 988 688 1079 populi
713 1002 950 1053 tractas
968 985 1344 1075 (barbatum
1362 984 1489 1051 hoc
1506 984 1697 1051 crede
1720 987 2147 1075 magistrum

189 1106 438 1169 Dicere
465 1102 738 1167 sorbitio
763 1101 943 1203 tollit
958 1114 1153 1211 quem
1179 1098 1321 1163 dira
1347 1100 1649 1188 cicutae)!

196 1222 358 1303 Quo
385 1214 634 1281 fretus?
663 1215 818 1299 Dic,
849 1217 888 1280 ὃ
925 1216 1143 1305 magni
1178 1214 1425 1304 pupille
1454 1215 1715 1305 Pericli!

185 1432 210 1467 1
223 1452 237 1466 .
288 1417 406 1465 Rem
437 1412 617 1477 populi
653 1407 882 1477 tractas]
929 1408 1098 1461 Nero-

113 1512 237 1546 nem
291 1492 675 1561 imperatorem
725 1487 940 1545 satirico
993 1488 1099 1559 sale

119 1572 484 1625 defricatur-us
497 1608 512 1630 ,
534 1566 685 1639 quod
701 1568 793 1621 ille
810 1568 900 1621 vix
917 1587 946 1619 e
964 1583 1098 1639 pue-·

121 1653 242 1705 ritia
287 1668 528 1721 egressus
545 1687 561 1711 ,
587 1646 918 1719 experientia
941 1660 1101 1717 atque

121 1732 414 1784 virtutibus
431 1746 610 1800 egens,
633 1726 770 1798 quin
789 1726 978 1792 immo,
993 1728 1104 1797 jam

123 1811 349 1864 mollitie
390 1822 444 1861 et
476 1808 620 1861 vitiis
662 1807 892 1859 obrutus
910 1844 927 1868 ,
945 1824 1102 1879 'rem-v

123 1893 401 1962 publicam
411 1890 712 1960 gubernare
725 1886 966 1950 auderet,
977 1892 1104 1959 poe-.-

123 1986 172 2024 ta
190 1982 580 2045 argumentum
597 1971 760 2021 sumit
781 1982 848 2020 ex
869 1968 1106 2021 Platonis

125 2052 340 2123 dialogo
350 2051 440 2104 cui
459 2050 650 2103 titulus
659 2046 942 2119 AlpibiadJ
952 2068 966 2099 z
978 2046 1107 2101 inde
1160 2050 1165 2056 '

125 2134 288 2195 enim,
310 2146 376 2184 ut
395 2130 600 2183 Neroni
621 2130 808 2192 lateat,
831 2129 1108 2181 materiam

127 2230 346 2265 omnem
371 2224 534 2281 atque
553 2228 808 2280 personas
829 2222 1108 2262 mutuatus

127 2306 222 2346 est.
233 2295 333 2355 Ita,
342 2311 443 2363 per
451 2288 949 2357 Alcibiadem,Ne1-q
957 2290 1109 2344 intel-

127 2372 382 2444 ligendus
395 2410 412 2436 ,
433 2391 534 2442 per
549 2371 836 2434 Socratem,
851 2373 935 2424 vel
949 2377 1109 2442 poeta

129 2455 245 2525 ipse
261 2492 277 2520 ,
296 2453 388 2507 vel
414 2453 598 2524 potius
627 2453 824 2505 Sene‘ca
840 2489 858 2514 ,
880 2452 1110 2506 Neronis

129 2547 436 2606 praeceptor
453 2571 469 2596 ,
492 2534 588 2604 qui
610 2535 874 2604 juvenum
893 2551 1112 2602 rempu-

130 2614 326 2667 blicam
352 2614 490 2666 male
519 2614 908 2684 capessentium
935 2611 1113 2683 arguit

134 2695 495 2746 temeritatem
521 2705 575 2745 et
595 2692 937 2764 imperitiam.
965 2691 1022 2742 P.
1043 2723 1115 2732 --

129 2780 248 2826 Item
277 2777 470 2842 populi.
513 2773 787 2844 Hic,‚pro
820 2773 1114 2844 rempubli-

133 2873 250 2906 cam
262 2892 280 2917 ,
301 2867 524 2925 utsoepe
539 2854 598 2904 in
616 2853 728 2904 aliis
747 2853 1113 2923 scriptoribus.

132 2934 210 2988 Μ.
241 2935 386 2986 Tull.
419 2935 480 2986 in
513 2933 608 2985 lib.
647 2933 716 2985 de
751 2935 890 3004 Rep.
925 2932 1117 2986 definit

136 3014 528 3082 rempublicam
557 3031 666 3065 esse
697 3031 798 3064 rem
819 3014 1004 3078 populi.
1031 3013 1148 3064 Ita

1177 1411 1474 1476 magistrum.
1512 1408 1753 1467 Socrates
1773 1446 1789 1471 ,
1826 1409 1901 1461 sic
1932 1408 2111 1463 dictus
2131 1445 2153 1475 ς,

1179 1500 1232 1539 et
1271 1490 1399 1559 quia
1437 1489 1658 1559 barbam
1700 1490 1902 1551 alebat,
1934 1502 1988 1543 et
2026 1492 2154 1561 quia

1174 1569 1411 1621 Romani
1443 1568 1579 1639 ipsi,
1610 1564 1735 1620 cum
1776 1572 2002 1641 majores
2036 1573 2155 1625 lau·
2239 1586 2243 1590 ⁴

1181 1646 1382 1701 dabant
1398 1688 1415 1713 ‚
1438 1649 1581 1700 soliti
1609 1662 1759 1702 erant
1772 1649 1969 1702 'dicere
1990 1654 2129 1703 Casei
2133 1688 2155 1713 ‚

1185 1730 1533 1783 barbaci.·Cic.
1556 1726 1623 1781 de
1652 1729 1771 1781 Fin.
1794 1731 1893 1783 lib.
1916 1732 2021 1782 IV.
2052 1731 2118 1783 C.

1258 1828 1308 1861 2.
1329 1812 1537 1859 sorbicio
1554 1811 1680 1859 tollit
1692 1830 1837 1875 quem
1848 1848 1863 1869 ‚
1881 1811 2157 1878 ecc.]Pli11.

1181 1889 1282 1941 lib.
1303 1888 1493 1951 ⁴XXV,
1514 1905 1633 1959 cap.
1661 1890 1763 1940 ult.
1799 1890 1973 1941 Cicuta
1999 1910 2161 1953 vene-

1186 1988 1302 2019 num
1321 1984 1406 2027 est,
1414 1970 1617 2033 publica
1629 1971 1995 2019 Atheniensium
2006 1990 2161 2036 poena

1185 2051 1352 2110 invisa,
1351 2060 1355 2064 ·
1377 2062 1465 2099 etc.
1485 2048 1693 2121 Hujus
1674 2067 1893 2101 succum
1908 2049 2163 2106 lethalem

1187 2129 1285 2183 ab
1271 2127 1491 2199 ingratis
1516 2114 1764 2181 civibus
1746 2148 1956 2199 =lussum
1976 2123 2166 2193 Socra-

1169 2220 1294 2259 ‘tem
1323 2207 1548 2259 ebibisse
1582 2209 1727 2261 testis
1756 2222 1835 2261 est
1855 2210 2039 2294 omnis
2072 2229 2168 2261 an-

1187 2287 1429 2360 tiquitas.
1458 2288 1521 2348 P.
1578 2324 1586 2333 ·

1261 2370 1313 2421 3..
1342 2374 1449 2434 Quo
1453 2369 1685 2440 fraud]
1714 2369 1905 2442 Inquit
1926 2369 2166 2423 Socrates

1189 2445 1485 2512 Alcibiadi,
1518 2451 1615 2522 ὅτῳ
1649 2453 1894 2516 metuam
1922 2452 2029 2504 hoc
2057 2465 2167 2510 est,

1193 2533 1298 2600 qua
1340 2530 1571 2582 maxime
1611 2543 1721 2582 arte
1765 2529 2171 2582 confidens?—

1191 2613 1284 2660 Dic
1321 2611 1389 2670 ὅ,
1434 2625 1521 2660 ecc.
1570 2610 1719 2673 Dic,
1759 2614 1795 2662 ὀ
1833 2601 2169 2674 Alcibiades,

1195 2691 1291 2760 qui
1328 2690 1477 2742 nulla
1517 2709 1575 2742 re
1613 2675 1747 2742 adeo
1784 2689 2000 2761 gloriari
2036 2691 2173 2742 soles

1185 2775 1356 2841 'quam
1380 2771 1549 2822 tutela
1576 2769 1809 2822 Periclis.
1830 2768 2126 2838 Similiter
2112 2787 2173 2820 m

1193 2851 1417 2903 Platone
1419 2837 1701 2912 SocrateS,
1720 2863 2011 2922 postquam
2028 2851 2175 2904 varia

1173 2932 1545 3003 percurrisset
1562 2931 1760 3002 quibus
1782 2933 1831 2982 si
1834 2943 1951 2983 etus
1971 2949 2127 3002 magn
2135 2949 2181 2982 1·-

1191 3011 1293 3063 fice
1303 3011 1437 3064 adeo
1448 3011 1515 3067 de
1526 3031 1579 3063 se
1589 3011 1849 3064 sentiebat
1861 3009 2177 3072 Alcibiades,

137 3095 316 3148 Graeci
333 3095 554 3148 dicunt
547 3131 564 3158 ‚
583 3093 650 3146 τὰ
671 3099 756 3146 τοῦ
783 3090 944 3164 δήμου
957 3093 1129 3163 ‘tt-bair·-
1195 3091 1372 3146 addit:
1392 3096 1717 3168 Ξυμπσὶντων
1716 3088 1823 3144 δὲ
1793 3115 1855 3145 ων
1874 3087 2006 3145 εἶπον
2024 3093 2176 3163 μείζω

137 3195 314 3244 ματα,
339 3179 397 3228 et
421 3177 732 3240 βουλεύεσθαι
759 3173 870 3244 περὶ
897 3181 995 3226 τῶν
1028 3180 1114 3226 rofi

137 3251 300 3326 δήμου
317 3255 648 3328 πραγμάτων.
665 3254 728 3308 C.
731 3255 1118 3310 *Bas-batum...

1197 3174 1282 3225 οἴει
1315 3193 1391 3226 σοι
1427 3163 1639 3244 δύναμιν
1674 3174 1907 3244 ὑπάρχειν
1934 3173 2179 3244 Περικὶέίι

1195 3256 1277 3306 τὸν
1309 3255 1617 3316 Ξανθίππου,
1643 3255 1692 3307 ὃν
1728 3257 1751 3305 ὃ
1761 3253 1949 3326 πατὴρ
1983 3255 2179 3324 ἐπίτρο-

211 3425 276 3470 V.
303 3440 350 3471 1.
375 3425 589 3471 stactus.
616 3422 736 3472 eod.
764 3422 1102 3480 Maza-inens,
1127 3432 1369 3478 tractans,
1394 3421 1526 3468 facili
1549 3417 1864 3484 aberratione
1887 3415 2181 3480 scribentis,

140 3504 236 3567 qui
258 3504 442 3552 lineam
465 3503 834 3552 horizontalem
864 3503 1155 3568 imprudens
1184 3519 1334 3566 super
1368 3519 1423 3549 as
1454 3503 1896 3566 posuerit.-’—Hoc.
1918 3505 1990 3548 Ita
2020 3501 2183 3547 codex

139 3593 342 3632 noster:
363 3585 433 3632 ita
455 3597 660 3647 quoque
685 3583 773 3632 alii
799 3583 996 3631 codices
1023 3599 1151 3648 quos
1177 3581 1521 3630 consuluimus
1536 3616 1550 3640 ,
1573 3593 1621 3650 et
1646 3581 1782 3628 editt.
1804 3591 2001 3629 veteres.
2022 3581 2183 3627 ‘Vetus

145 3663 305 3714 schol.
331 3675 382 3712 et
411 3664 744 3723 recentiores,
776 3663 898 3710 laoec.
921 3663 1038 3712 Non
1065 3661 1190 3711 male
1220 3669 1440 3726 quoque.
1947 3671 1951 3674 ⁴

219 3771 286 3818 ‘V-
324 3786 370 3818 α.
403 3771 547 3820 Dira.
579 3771 702 3819 eod.
731 3766 997 3818 Fauchetii
1011 3803 1026 3827 ,
1051 3769 1194 3816 dura.
2158 3817 2165 3822 ,

222 3877 288 3922 Υ.
319 3877 366 3923 3.
398 3878 456 3924 0.
485 3876 660 3926 Codex
683 3887 880 3934 noster,
902 3873 991 3922 Ho‘
1015 3891 1026 3921 ε
1052 3849 1348 3932 ΤΙιῑιιιιιειιε,
1376 3883 1427 3921 et
1450 3872 1564 3921 cod.
1600 3872 1760 3930 8050,
1786 3872 1863 3928 0,·
1888 3869 1957 3918 ita
1975 3869 2185 3918 Mazari-
2238 3912 2241 3915 .

151 3969 279 4002 neus
303 3955 414 4004 eod.
439 3956 570 4016 Alii,
590 3957 696 4007 ἧσε.
721 3957 942 4006 Priorem
971 3955 1240 4004 lectionem
1261 3954 1419 4004 veluti
1437 3952 1735 4003 vividiorem
1761 3961 1811 4000 et
1832 3952 2189 4018 jucundiorem

153 4036 476 4100 praetulimus.

1784 4125 1826 4190 7
