2775 4619
318 457 323 461 η
584 378 719 443 EX
782 376 1089 443 LIBRO
1146 378 1826 445 XXIXSATIR.
2095 380 2216 449 301

426 506 452 517 ”
1108 506 1309 563 XXI.

240 602 677 697 Aetatem‘tibi
704 603 858 661 istuc
886 604 1134 662 laturam
1150 646 1167 675 ,
1196 614 1255 663 et
1282 602 1544 674 bellum,
1575 602 1624 663 si
1647 602 1761 663 hoc
1787 603 2012 664 bellum
2035 616 2224 685 putat.

502 710 507 715 ’
1084 704 1146 759 X
1162 704 1222 759 X
1239 704 1268 757 Ι
1286 703 1334 757 Ι.

214 825 217 826 ’
247 800 536 860 Primum
568 818 641 856 ex
664 797 912 858 advorso
928 840 944 868 ‚
974 798 1023 855 si
1046 796 1212 876 quod
1238 810 1327 855 est
1352 783 1724 858 coeniculum
1739 841 1762 869 3

255 902 409 971 Quo
438 896 685 975 recipiat
713 908 791 953 te.

424 975 434 983 ’
620 1000 623 1005 ·
1061 977 1121 1033 X
1137 978 1196 1032 X
1214 976 1243 1031 1
1260 977 1289 1030 I
1308 976 1355 1031 1.

278 1112 1264 1132 .........................
1290 1071 1762 1151 (ἱγηιιιειὲἰοφιε,

226 1158 355 1233 *Ut
382 1170 619 1230 schema
644 1170 891 1248 antiquo
917 1180 1269 1247 spectatores
1300 1168 1597 1227 retineres.

614 1343 618 1348 1
1083 1268 1350 1323 xxlv.

284 1406 987 1424 ..................
1002 1394 1029 1419 <.
1057 1406 1069 1419 .
1096 1406 1109 1419 .
1136 1403 1150 1417 .
1178 1406 1190 1417 .
1225 1362 1343 1421 Ubi
1376 1374 1498 1419 erat
1529 1381 1744 1441 scopus

266 1463 502 1543 Ejicere
532 1461 715 1518 istum
741 1460 845 1517 abs
868 1472 927 1517 te
946 1502 963 1531 ‚
990 1456 1169 1537 quium
1191 1459 1451 1536 primum
1479 1470 1538 1515 et
1561 1459 1807 1537 perdere
1830 1452 2124 1523 amorem.

454 1551 466 1564 ⁹
1102 1558 1161 1612 X
1178 1558 1238 1613 X
1252 1558 1323 1612 V.

273 1655 397 1715 Hic
436 1674 531 1711 me
576 1649 683 1713 ubi
716 1652 879 1711 videt
897 1696 915 1725 ,
958 1651 1371 1711 subblanditur
1391 1695 1408 1724 ‚
1443 1652 1718 1729 palpatur
1738 1696 1756 1724 ,
1794 1668 1972 1733 caput
2016 1648 2198 1715 scabit
2218 1701 2245 1735 ,-

112 1802 136 1819 ,
184 1752 387 1835 pedes
418 1751 579 1830 legit.

580 1867 583 1870 -
882 1902 885 1907 Ι
1082 1834 1345 1893 XXVL

277 1916 447 2003 Quid
471 1926 618 1987 mihi
644 1925 909 2006 proderit
926 1968 943 1999 ,
974 1947 1153 2005 quem
1184 1927 1353 1985 satias
1376 1924 1499 2001 jam
1523 1920 1792 2001 omniurn
1814 1948 2012 1987 rerum
2037 1941 2196 1989 tenet
2213 1932 2240 1987 ἰ’

1012 2055 1027 2073 ν
1060 2028 1120 2084 Χ
1137 2028 1196 2081 X
1210 2028 1260 2081 V
1276 2027 1303 2081 I
1320 2028 1369 2081 Ι.
1896 2026 1904 2033 ’

281 2128 461 2184 Nunc
486 2134 553 2180 tu
576 2134 779 2181 contra
800 2123 964 2181 venis
982 2166 999 2194 ‚
1024 2120 1120 2179 vel
1146 2121 1252 2199 qui
1276 2121 1338 2179 in
1362 2121 1585 2199 nuptiis
1601 2165 1618 2193 ,
1641 2122 1738 2180 vel
1760 2141 1820 2181 se
1844 2141 2078 2196 seneces
2092 2167 2112 2197 ‚
2133 2146 2244 2185 nec

194 2224 332 2284 sine
354 2220 639 2301 pernicie.
738 2220 741 2225 ’
1938 2201 1951 2218 k

1043 2302 1103 2356 X
1120 2300 1180 2356 X
1196 2302 1245 2358 V
1261 2301 1290 2356 1
1306 2302 1335 2356 I
1354 2300 1402 2356 1.

286 2405 469 2480 Perge
494 2398 707 2458 amabo
726 2442 742 2470 ‚
768 2417 869 2470 ac,
893 2399 942 2456 si
969 2410 1137 2476 potes
1154 2440 1172 2467 ,
1201 2397 1325 2456 face
1354 2396 1592 2478 dignam
1615 2419 1710 2457 me
1733 2410 1804 2457 ut
1828 2399 2002 2460 vobis
2019 2414 2246 2480 putem.

1077 2497 1136 2552 X
1154 2497 1213 2552 X
1229 2497 1258 2550 Ι
1278 2499 1355 2552 X.

240 2643 251 2652 .
288 2601 441 2658 Hoc·
462 2587 778 2654 invenisset
811 2613 999 2651 unum
1036 2593 1113 2650 ‘ad
1148 2592 1431 2653 morbum
1467 2592 1695 2652 homiui
1721 2578 1895 2652 illum‘
1923 2597 2020 2655 vel
2046 2597 2254 2657 bellis-

125 2681 136 2690 ,
204 2701 453 2759 simum.

1114 2773 1175 2828 X
1192 2773 1253 2829 X
1269 2773 1349 2829 X.

242 2839 436 2942 §Haec
464 2883 553 2930 est
580 2871 765 2928 ratio:
797 2886 1065 2948 perversa
1090 2887 1201 2925 aera
1232 2889 1247 2924 ε
1289 2887 1518 2925 summa
1557 2881 1617 2927 et
1644 2841 1934 2928 subducta
1961 2872 2252 2950 improbe.

1094 2967 1153 3022 X
1168 2968 1229 3023 X
1246 2968 1305 3023 X
1322 2969 1369 3022 Ι.

298 3066 528 3130 Eodem
550 3085 675 3124 uno
700 3063 765 3136 hi
789 3061 970 3124 modo
997 3061 1251 3120 rationes
1280 3061 1615 3120 subducent
1639 3081 1789 3124 suas,

1076 3162 1139 3217 X
1155 3160 1214 3215 X
1230 3161 1290 3216 X
1306 3162 1335 3215 I
1354 3161 1404 3214 I.

300 3266 428 3342 Age
442 3242 601 3323 minc
619 3279 913 3318 summam
932 3267 1203 3335 sumptus
1222 3255 1518 3334 ducarque
1532 3257 1660 3316 aeris
1677 3258 1854 3318 simul
1867 3272 2045 3340 atque
2065 3263 2259 3323 alieni.

298 3465 382 3498 αι.
401 3449 624 3498 Nonius:
650 3447 834 3494 Bellum
850 3479 865 3502 ,
884 3441 1088 3502 melius,
1110 3439 1207 3489 ele-
1358 3443 1445 3490 26.
1471 3443 1697 3494 Nonius:
1720 3447 1911 3505 Satias,
1931 3465 2026 3513 pro
2051 3449 2260 3499 satietas.
2325 3435 2342 3447 Ἰ
2409 3485 2416 3492 -

223 3547 378 3598 gans,
395 3527 637 3593 prudeus.
776 3515 790 3526 ”
1359 3537 1444 3584 27.
1483 3525 1680 3575 Nonius
1708 3543 1720 3575 :
1759 3527 2030 3585 Pernicies,
2058 3531 2259 3593 pericu-

302 3625 392 3658 πα.
420 3609 653 3657 Nonius:
680 3605 935 3670 Recipere}
959 3619 1205 3653 revocare.
1283 3601 1392 3652 lum
1408 3638 1424 3662 ,
1451 3605 1706 3656 exitium..

303 3691 387 3738 23.
410 3679 633 3736 Nonius:
656 3687 885 3743 Schema,
902 3695 1083 3732 neutro
1096 3702 1207 3750 gen.
1362 3687 1446 3732 28.
1473 3688 1702 3736 Nouius:
1727 3689 1938 3742 Patare,
1963 3683 2218 3738 aestimare.

302 3778 392 3826 24.
410 3768 634 3817 Nonius:
656 3767 875 3834 Ejectum
891 3801 908 3824 ,
932 3765 1209 3826 exclusum.
1364 3783 1448 3830 ²9·
1473 3769 1671 3816 Nonius
1686 3803 1700 3826 ,
1726 3769 1842 3824 Vel,
1863 3783 1960 3831 pro
1985 3769 2149 3834 etiarn.
2189 3803 2197 3809 .

304 3850 391 3916 25.
420 3847 619 3894 Nonius
643 3865 655 3895 ι
682 3849 952 3912 Ραῖρᾳειιν,
979 3861 1074 3908 pro
1098 3845 1211 3910 pal-
1244 3854 1247 3858 ’
1364 3850 1444 3896 30.
1472 3847 1690 3895 Nonius:
1722 3847 1886 3904 Aera,
1917 3849 2111 3894 numeri
2134 3859 2270 3898 nota.

228 3939 334 3996 pat.
372 3930 575 3975 Festus:
603 3926 751 3973 Pedes
790 3926 1058 3984 dicuntur,
1078 3913 1215 3992 quos
1286 3927 1299 3932 ”
1365 3927 1447 3974 31.
1483 3926 1614 3972 Non.
1649 3925 1920 3972 Subduc-ere
1939 3961 1956 3983 ‚
1985 3937 2270 3992 supputare.

234 4006 536 4058 diminutive
554 4003 767 4055 dicimus
783 4003 1060 4071 pediculos.
1368 4006 1452 4052 32.
1463 4003 2272 4072 noum-5volvere‚pertrectare.
