2775 4619
273 584 2019 734 A.PERSTIFLACCI

770 770 2095 984 SATIRAE.⁴s'“

624 1255 1607 1370 „PROLOGUS1

194 1472 447 1602 ,Nm
472 1521 651 1588 fonte
683 1519 860 1584 labra
896 1519 1117 1610 prolui
1146 1493 1510 1586 cabanin'o:

192 1716 349 1768 More
380 1713 803 1768 dramaticorum
820 1749 838 1773 .
872 1712 1099 1784 quibus·

132 1814 251 1848 cum
277 1813 527 1868 magnam
554 1791 873 1846 affinitatem
903 1793 1063 1846 habet
1080 1830 1097 1858 ‚

128 1876 349 1946 prologo
396 1891 529 1926 usus
576 1885 657 1926 est
703 1872 939 1929 Persius.
984 1874 1099 1926 Cae·

129 1955 419 2010 teri'autem
435 1959 609 2025 poetae
626 1952 811 2006 Persio
833 1953 1097 2008 vetustio-

127 2052 205 2087 res
244 2036 329 2089 vel
350 2033 641 2106 ,prooemio
675 2034 1094 2110 abstinuerunt,

126 2115 207 2168 vel
232 2112 373 2166 illud
400 2113 469 2166 ab
504 2131 669 2184 opere
704 2112 947 2184 legitimo
980 2130 1094 2164 non

125 2205 537 2264 separaverunt,
558 2206 622 2246 ut
644 2193 700 2243 in
720 2191 946 2254 Aeneid.
968 2192 1099 2245 Vir-

125 2274 229 2345 gilii
252 2272 445 2341 videre
476 2285 575 2327 est.
606 2271 881 2326 Posterior
914 2285 1095 2325 tamen

126 2368 239 2407 aetas
287 2354 556 2426 prooemia
612 2352 931 2425 hujusmodi
990 2354 1098 2405 fre-

126 2434 424 2506 quentavit,
440 2432 608 2488 modo⁴
622 2453 804 2497 versu,
825 2430 991 2485 modo
1010 2452 1097 2485 so·

124 2514 230 2567 luta
251 2516 529 2580 oratione,
560 2528 625 2569 ut
648 2514 850 2567 Statius
872 2526 927 2565 et
948 2514 1096 2566 Mar-

126 2596 252 2649 tialis
281 2634 297 2661 ‚
332 2596 615 2649 Ausonius
667 2592 995 2659 interdum,
1038 2607 1095 2648 et

122 2677 415 2745 praesertim
469 2675 799 2728 Claudianus
860 2674 1092 2745 elegiaco

122 2772 319 2826 semper
351 2756 617 2807 carmine.
656 2754 874 2825 Duplex
907 2767 1093 2806 autem

123 2836 275 2909 hujus
298 2835 557 2891 carminis
580 2846 967 2906 argumentum
982 2872 999 2899 ‚
1020 2834 1091 2887 si·

124 2920 229 2970 cuti
255 2918 504 2992 ejusdem
530 2914 777 2986 duplices
812 2927 944 2967 sunt
968 2932 1093 2985 par-

124 3010 196 3049 tes
208 3037 223 3064 ‚
245 3016 508 3054 versuum
526 2997 693 3050 ambae
712 3009 1087 3067 septenorum.

122 3076 278 3131 Primi
298 3092 513 3151 septem
534 3093 725 3129 versus
748 3075 982 3127 mixtum
1000 3076 1094 3127 ha-

120 3154 243 3211 hent
272 3168 661 3231 argumentum
694 3175 707 3208 τ
743 3155 811 3208 de
848 3174 903 3207 se
942 3154 1092 3207 enim

122 3244 272 3305 poeta
308 3239 715 3313 προηγουμένως,
751 3236 930 3289 obiter
960 3253 1091 3290 vero

124 3312 184 3367 de
220 3319 518 3391 aequalibus
560 3315 663 3369 sibi
700 3317 877 3386 poetis
899 3353 916 3381 ‚
953 3334 1093 3386 quos

123 3396 379 3453 traducit:
400 3397 730 3471 posteriores
751 3409 959 3467 septem
977 3414 1092 3448 me·

124 3491 225 3526 ram
249 3475 535 3531 continent
554 3475 788 3528 aliorum
800 3482 1092 3547 poetarum

124 3552 433 3612 irrisionem.
451 3560 783 3609 casaubonus.
801 3554 1090 3623 Perperam

122 3628 441 3703 igitur-hune
455 3637 751 3709 prologum
767 3636 989 3707 aenigma
1002 3653 1092 3687 vo·
1120 3686 1126 3695 ,

122 3726 197 3767 cat
214 3718 243 3767 J
252 3755 264 3770 .
278 3718 561 3783 Bondius3
583 3720 709 3769 cum
729 3717 797 3769 sit
814 3754 831 3781 ‚
853 3729 918 3769 ut
934 3715 1091 3769 satira

120 3795 278 3863 prima
292 3836 309 3863 ,
326 3800 465 3871 jocis
488 3797 796 3871 salibusque
822 3797 1091 3861 refertus;

124 3874 262 3941 quod
288 3877 345 3929 in
373 3895 718 3949 unoquoque
737 3896 901 3949 versu·
920 3876 1092 3933 inter·

124 3954 382 4023 pretando
404 3956 711 4015 videbitur.
746 3959 810 4011 A.
846 4014 851 4023 ,

1256 1731 1279 1765 1
1293 1753 1305 1765 .
1335 1717 1439 1764 Nee
1451 1715 1601 1782 fiante
1624 1717 1769 1767 labra
1786 1720 1960 1784 prolui
1980 1724 2157 1772 cabal-'

1178 1794 1325 1864 lina]
1358 1793 1467 1846 Sua
1491 1795 1568 1847 sic
1595 1809 1851 1850 extenuat
1869 1836 1886 1864 ‚
1909 1812 1970 1852 ut
1992 1801 2155 1854 simul

1177 1873 1500 1944 ineptorum
1515 1875 1830 1939 hominum,
1843 1878 2153 1948 plerorum-

1178 1961 1289 2024 'que
1308 1955 1470 2006 etiam
1490 1956 1862 2008 Romanorum
1879 1994 1896 2021 ‚
1912 1957 2155 2028 quibus,
2175 1947 2181 1958 ¹

1170 2034 1282 2104 jam
1300 2031 1432 2084 inde
1449 2034 1518 2084 ab
1532 2035 1763 2106 Augusti
1783 2035 2155 2106 temporibus,

1134 2125 1139 2132 ·
1174 2111 1437 2182 poetandi
1453 2107 1716 2176 studium,
1729 2114 2000 2167 familiaris
2013 2135 2158 2186 mor,-

1174 2191 1315 2256 bus,
1348 2192 1628 2244 cacoethes
1665 2193 1806 2258 fuit,
1833 2194 2007 2247 obiter
2047 2197 2155 2248 fas-

1177 2285 1297 2326 tum
1315 2269 1598 2338 retundat,
1613 2287 1666 2327 et
1687 2275 1892 2329 urbane
1909 2276 2149 2349 castiget.

1176 2386 1245 2395 -——
1259 2358 1373 2405 Nec.
1389 2392 1402 2405 .
1420 2393 1430 2405 .
1449 2394 1462 2405 .
1491 2358 1634 2406 labra
1660 2358 1850 2421 prolui.
1880 2355 1999 2408 Jam
2018 2395 2034 2423 ,
2063 2358 2153 2408 in·

1130 2450 1139 2459 ’
1178 2433 1301 2505 quit
1316 2471 1331 2496 ,
1350 2434 1534 2487 satiras
1558 2434 1888 2505 scripturus,
1905 2435 2154 2489 vixdum

1174 2513 1320 2566 labra
1350 2513 1570 2569 admovi
1589 2514 1818 2585 Pegaseo
1849 2516 2024 2582 fonti,
2054 2534 2152 2569 ne-

1174 2593 1310 2647 dum
1343 2594 1609 2647 immersis
1640 2594 1802 2647 labris
1839 2594 1907 2647 ad
1939 2591 2152 2671 satieta-

1172 2686 1283 2727 tem
1300 2674 1593 2727 hauserim.
1615 2674 1722 2727 Eos
1739 2674 1933 2727 irridet
1954 2677 2051 2747 qui
2072 2678 2152 2731 vi·

1172 2753 1292 2807 deri
1302 2754 1557 2806 volebant
1575 2766 1753 2806 totum
1769 2754 1926 2806 illum
1942 2756 2152 2809 fontem

1170 2834 1433 2903 hausisse,
1455 2848 1510 2886 et
1534 2834 1755 2886 fortasse
1780 2835 2034 2904 privatim
2060 2836 2153 2886 ali-

1173 2930 1336 2985 quem
1360 2914 1534 2983 tangit
1551 2949 1569 2973 ‚
1593 2908 1689 2983 qu‘i
1711 2913 1816 2964 tale
1837 2911 1974 2982 quid
2001 2912 2070 2964 de
2095 2910 2152 2965 se

1170 2995 1511 3065 νεανικώτερον
1534 3029 1550 3059 ,
1588 2992 1769 3046 saeculi
1807 2993 1942 3045 vitio
1985 3010 2116 3047 usus
2131 3035 2150 3059 ,

1168 3076 1738 3145 Jactaverat.———Fonte.
1761 3110 1775 3122 .
1799 3110 1812 3122 .
1835 3108 1850 3123 .
1877 3075 2145 3126 caballino.

1170 3152 1460 3205 Summum
1477 3148 1637 3203 etiam
1651 3150 1764 3204 haec
1777 3170 1884 3205 vox
1897 3152 2151 3205 aculeum

1170 3232 1351 3287 habet.
1372 3231 1592 3284 Poterat
1610 3231 1757 3283 enim
1781 3232 1889 3284 sie:
1912 3234 2153 3299 nec-fonce

1172 3315 1351 3380 'equino
1376 3316 1521 3363 labra
1545 3316 1792 3363 mersimus
1812 3324 2014 3372 nostra}
2035 3332 2150 3365 ma·

1170 3394 1276 3446 luit
1303 3406 1485 3447 autem
1511 3395 1789 3454 caballino,
1817 3392 1984 3463 qued‘
2000 3391 2151 3445 istud

1170 3479 1372 3527 nomen
1401 3474 1744 3526 inhonestius
1765 3474 1836 3526 sit
1850 3510 1865 3535 ‚
1889 3486 1944 3525 et
1967 3490 2027 3525 ea
2046 3490 2152 3526 vox

1166 3554 1550 3613 „contemnenti
1586 3560 1652 3607 et'
1673 3553 2024 3606 subsannanti
2053 3569 2149 3621 ap-

1166 3637 1298 3689 tior.
1336 3633 1604 3695 Καὸοἱλλης
1645 3636 1790 3687 enim
1826 3632 2024 3685 Graecis
2045 3669 2061 3695 ‚
2096 3644 2153 3684 et

1168 3714 1375 3765 Latinis
1390 3716 1635 3772 caballus,
1645 3731 1758 3763 non
1779 3710 1959 3781 quivis
1973 3726 2150 3780 equus

1170 3792 1376 3846 dicitur
1398 3830 1415 3857 ,
1447 3791 1544 3845 sed
1577 3794 1898 3864 jumentum>
1929 3787 2148 3843 dossua-

1168 3876 1316 3929 rium
1328 3912 1345 3939 ‚
1360 3874 1628 3945 ταλαεργόν
1637 3912 1650 3925 .
1664 3872 1749 3923 Sic
1763 3871 1961 3924 Seneca
1973 3908 1989 3935 ,
2007 3872 2150 3941 epis·

1172 3954 1281 4008 tola
1314 3950 1637 4014 LXXXVII
1666 3970 1679 4002 ε
1709 3954 1754 4001 0
1777 3964 2017 4017 qnantum
2044 3964 2156 4002 erae

1759 4062 1786 4101 Ι

1720 4244 1747 4264 s
