2775 4619
917 331 1313 444 SATJRA
1375 339 1433 406 1.

2104 343 2215 448 313Ι

961 483 998 523 r
1021 483 1060 523 B
1089 485 1132 526 n
1152 483 1182 525 s
1205 485 1232 525 1
1255 483 1298 524 tr
1321 485 1377 528 ε.

235 572 554 641 Claudere
580 575 676 638 sic
700 594 961 680 versum
987 575 1262 640 didicit:
1291 576 1695 664 Berecyntius
1718 580 1906 644 Attin
1922 629 1943 662 ‚

240 693 328 756 Et
351 695 470 782 qui
489 690 834 756 coeruleum
867 680 1208 757 dirimebat
1241 693 1458 760 Nerea
1488 693 1745 782 delphin
1767 719 1791 758 .·

236 806 344 870 Sic
353 855 374 887 ,
407 805 668 871 Castam
685 805 890 894 ⁴longo
921 807 1339 872 subduximus
1367 808 1725 896 Apennino,

2124 820 2192 892 9⁵
2242 827 2251 840 ·’

833 945 1504 990 Αυνκῃειιιπι

237 1037 472 1117 Arma,
487 1038 796 1100 vimm....
811 1035 1050 1100 Nonne
1063 1036 1190 1101 hoc
1205 1059 1587 1126 spumosum
1602 1053 1669 1104 et
1684 1039 1923 1106 cortice
1932 1041 2197 1134 pingui?

219 1229 307 1296 93.
331 1231 576 1282 claudere
600 1231 668 1280 sic
692 1247 892 1280 versum
911 1229 1128 1300 didicis]

163 1311 235 1362 Ita
251 1347 268 1373 ‚
311 1327 442 1362 sane
472 1345 490 1372 ,
537 1307 837 1379 respondet
879 1307 1097 1362 Persius
1115 1349 1134 1372 ,

163 1388 404 1460 praeclare
431 1387 504 1441 de
536 1388 710 1440 Musis
743 1387 972 1442 Romani
1005 1401 1137 1442 sunt

163 1468 328 1520 meriti
355 1505 373 1531 ‚
402 1469 534 1542 qui,
564 1488 679 1521 non
720 1469 957 1522 contenti
989 1469 1135 1524 solu·

164 1559 256 1600 tam
273 1549 588 1600 orationem
607 1548 917 1621 corrupisse
935 1587 953 1613 ‚
974 1549 1135 1602 etiam

163 1630 388 1701 poetices
409 1647 560 1682 sacra
577 1629 767 1682 intima
786 1629 1104 1702 polluerunt
1116 1668 1133 1695 ‚

163 1727 289 1761 novo
302 1709 412 1762 hoc
426 1727 692 1762 versuum
702 1709 1138 1782 rhythmicorum

163 1788 370 1842 invento
385 1826 404 1854 ,
425 1791 518 1862 cuj
526 1788 741 1842 usniodi
763 1801 890 1842 sunt
905 1789 997 1843 isti
1019 1809 1034 1842 ε

333 1909 644 1969 Berecyntius
661 1909 818 1967 Attin,

163 1985 212 2030 Et
228 1984 312 2047 qni
327 1981 654 2030 corui-dirim.
667 1983 823 2028 Nerea
839 1981 1049 2044 delphin.
1083 1983 1138 2030 C.

228 2097 313 2168 95.
359 2098 474 2156 Sic,
510 2097 631 2163 eta]
669 2091 757 2146 Sic
789 2111 890 2147 nos
922 2113 1140 2148 versum

165 2176 464 2249 ampullatis
475 2186 531 2228 et
543 2168 1014 2248 sesquipedalibus
1024 2194 1144 2230 ver·

163 2259 238 2311 bis
264 2255 520 2311 claudere
545 2251 858 2308 docuerunt
873 2292 890 2321 ,
912 2254 969 2306 in
993 2255 1142 2308 hunc

165 2340 387 2393 modum
411 2358 426 2390 ε

163 2430 344 2475 costam
371 2427 520 2489 longo
547 2424 855 2473 subduximus
873 2424 1146 2485 Apennino.

171 2518 234 2569 In
258 2514 480 2571 duobus
510 2512 706 2586 primis
732 2512 983 2567 versibus
1006 2532 1146 2585 prse-

168 2598 336 2649 citatis
350 2634 368 2661 ,
388 2594 593 2649 merito
612 2592 828 2647 Persius
847 2596 1144 2666 reprehen-

168 2675 246 2730 dit
304 2676 530 2729 ultimas
567 2672 858 2749 ¹dictiones
881 2712 899 2739 ,
947 2674 1145 2730 eodem

167 2756 331 2809 modo
348 2754 663 2809 desinentes
677 2792 694 2820 ,
712 2752 865 2826 quod
877 2755 1145 2807 recentio-

165 2857 248 2891 res
259 2848 465 2892 vocant
478 2840 603 2888 rime
613 2874 630 2897 ,
651 2836 804 2907 quod
819 2854 992 2907 genus
1010 2849 1144 2890 tunc

167 2908 406 2989 primum
419 2955 438 2982 ‚
459 2929 526 2969 ut
544 2914 770 2970 videtur
785 2952 803 2979 ,
824 2915 884 2967 in
909 2934 1014 2969 usu
1033 2934 1145 2971 esse

167 2997 328 3068 coepit
345 2994 499 3068 apud
525 2994 694 3047 malos
717 2999 907 3067 poe‘tas
929 2995 1142 3063 solum;

165 3094 290 3128 nam
318 3075 546 3148 optimae
582 3084 726 3126 notoe
757 3072 940 3125 Latini
967 3080 1144 3145 poeto

166 3172 380 3226 semper
444 3151 506 3206 id
569 3152 861 3205 inventum
923 3171 1147 3225 respue·

1215 1249 1333 1284 ram
1367 1233 1637 1284 dirimebat
1675 1236 1839 1286 Nerea
1864 1255 1884 1286 .-
1924 1253 2055 1290 nam
2092 1256 2198 1292 nee

1214 1312 1411 1364 Latine
1434 1350 1452 1377 ,
1488 1331 1591 1366 nec
1630 1313 1818 1368 Groece
1864 1314 1977 1369 diei
2014 1331 2201 1390 potest

1216 1389 1475 1445 dirimere
1493 1393 1814 1465 Neptunum
1828 1432 1846 1459 ,
1866 1393 1919 1448 N
1921 1415 2072 1463 eren,
2094 1417 2199 1470 pro

1216 1489 1435 1548 aequora
1457 1474 1689 1528 navibus
1710 1493 1859 1528 arare
1873 1514 1889 1540 ‚
1910 1475 2160 1531 scindere
2178 1516 2197 1544 ,

1215 1561 1323 1603 etc.
1355 1552 1520 1606 tertio
1544 1571 1709 1606 versu
1727 1591 1745 1618 ,
1772 1555 1951 1628 arguit
1980 1557 2201 1610 affecta·

1216 1642 1381 1684 tetam
1420 1631 1717 1685 vanitatem
1761 1640 1940 1704 poetae
1958 1673 1976 1700 ,
2003 1652 2202 1690 eostam

1213 1713 1425 1762 subdux-
1443 1715 1635 1780 Apenn.
1662 1711 1707 1764 is
1733 1714 1881 1766 enim
1911 1735 2099 1770 versus
2126 1719 2202 1771 ri·

1217 1789 2205 1866 diculusvidetur,etproptercostam

1217 1871 1547 1924 subductam
1592 1875 1769 1928 monti
1800 1912 1817 1940 ‚
1864 1890 1919 1930 et
1968 1891 2202 1950 propter

1219 1950 1545 2024 spondaeum
1556 1972 1664 2024 pen
1673 1954 1947 2020 ultimum,
1959 1976 2071 2028 quo
2085 1978 2204 2011 non

1222 2051 1360 2105 opus
1376 2044 1490 2086 erat
1506 2054 1520 2086 t
1537 2052 1662 2086 nam
1681 2053 1794 2088 non
1815 2034 1871 2090 in
1888 2037 2071 2091 animo
2086 2049 2205 2092 erat

1220 2117 1399 2185 poetae
1429 2150 1447 2176 ‚
1485 2125 1550 2166 ut
1588 2114 1865 2186 Apennini
1902 2116 2203 2190 longitudo

1219 2189 1563 2262 pingeretur.
1606 2193 1869 2244 Caeterum
1890 2231 1908 2258 ,
1944 2193 2047 2245 hos
2080 2214 2203 2250 ver·

1219 2287 1308 2323 sus
1341 2289 1452 2326 esse
1490 2271 1727 2325 Neronis
1762 2291 1875 2325 non
1910 2273 2048 2328 male
2076 2291 2215 2337 con-v

1212 2350 1415 2423 jiciunt
1441 2352 1769 2423 interpretes
1804 2354 2103 2427 permulti,
2133 2374 2207 2409 ex:

1224 2432 1310 2485 his
1364 2434 1557 2488 Dionis
1618 2434 1786 2489 Cassii
1847 2430 2202 2507 ἐκιθαρῴδησεν

1224 2502 1417 2567 Aram
1442 2514 1475 2571 ἢ
1503 2516 1736 2583 Βάκχαις,
1763 2526 1819 2567 et
1852 2534 1923 2569 ex
1944 2514 2204 2571 omnibus

1223 2592 1500 2647 veteribus
1539 2592 1747 2665 glossis.
1768 2625 1840 2638 --
1862 2599 2052 2645 Castam
2088 2598 2204 2646 sub·

1221 2676 1475 2725 duximus.
1502 2672 1715 2727 Auudit
1750 2672 1821 2726 ad
1846 2673 2167 2727 Annibalem
2184 2712 2205 2739 ,

1223 2754 1322 2827 qui
1342 2754 1472 2827 igne
1495 2766 1549 2807 et
1574 2768 1726 2809 aceto
1743 2754 1907 2825 Alpes
1930 2755 2202 2827 perrupit.

1223 2832 1372 2886 Plut.
1402 2835 1502 2889 vit.
1532 2834 1736 2886 Annib.
1775 2831 1840 2885 P.
1862 2847 1916 2887 et
1935 2834 1998 2891 A.

1297 2918 1387 2982 96.
1416 2920 1573 2967 Arma
1598 2918 1770 2965 virum
1784 2951 1802 2973 ,
1824 2916 1944 2982 eea]
1974 2911 2083 2969 Sed
2105 2926 2165 2966 tu
2183 2951 2202 2977 ,

1225 2992 1419 3065 objicit
1451 2994 1825 3061 adversarius,
1856 2994 1953 3064 qui
1990 3001 2208 3049 nostros

1225 3092 1447 3141 versus,
1476 3088 1538 3128 ut
1567 3072 1801 3127 nimium
1833 3074 2097 3127 affectata
2120 3092 2210 3131 so·

1226 3156 1477 3209 noritatis
1500 3167 1555 3209 et
1581 3173 1805 3209 enerves
1822 3193 1837 3220 ,
1862 3165 1916 3207 et
1934 3168 2063 3210 vere
2086 3166 2209 3227 sen-

166 3247 320 3287 runt.
342 3232 500 3285 Vicit
526 3244 708 3284 tamen
723 3270 740 3297 ‚
765 3245 821 3285 et
846 3231 906 3285 in
935 3232 1148 3305 linguas
1225 3253 1384 3289 suum
1406 3251 1571 3309 atque
1590 3236 1817 3288 rationis
1843 3236 2035 3309 inopes
2050 3272 2067 3300 ,
2092 3228 2211 3287 tin·

171 3333 304 3387 quas
339 3314 552 3369 Latinae
588 3312 724 3365 filias
746 3325 945 3367 vocant
978 3314 1156 3369 intro·
1236 3327 1427 3389 topere
1474 3315 1721 3383 fastidis3
1760 3315 1896 3387 quid
1919 3354 1937 3381 ‚
1981 3324 2167 3388 quaeso
2186 3352 2207 3379 ,

168 3393 569 3459 ductum‚haud
579 3394 1156 3465 minusxtuncversibus
1235 3416 1419 3451 censes
1464 3396 1533 3451 de
1573 3395 1875 3469 virgiliana
1917 3387 2159 3449 Aeneide
2184 3393 2212 3446 Ρ

171 3478 375 3530 nostris
403 3474 622 3529 decoris
639 3514 657 3540 ‚
687 3480 850 3548 quem
877 3476 1154 3530 suavitatis
1234 3476 1433 3531 Nonne
1448 3476 1596 3531 istud
1609 3496 1833 3550 quoque
1845 3476 2211 3548 prooemium,

172 3574 356 3610 secum
377 3556 585 3610 attulit.
602 3557 857 3619 Damnat,
873 3569 1152 3628 praeterea,
1231 3556 1793 3625 Armavirumque,tibi
1802 3554 2081 3610 videbitur
2089 3570 2213 3625 spu·

171 3638 414 3691 secundo
452 3656 617 3691 versu
638 3676 656 3705 ,
694 3638 837 3691 hanc
874 3638 1156 3710 metapho-
1235 3654 1453 3691 mosum
1488 3649 1544 3690 et
1575 3634 1845 3689 inflatum.
1866 3634 2215 3687 L.-C‹⁷mioae

246 3810 316 3856 'V-
347 3809 434 3871 93.
459 3807 786 3869 Berecyntius.
811 3808 932 3857 Non
961 3804 1336 3869 Berecynekius:
1359 3806 1547 3857 Graecis
1573 3807 1737 3867 enim,
1768 3806 2073 3876 Βερίκυντιος
2102 3822 2115 3855 :
2144 3805 2215 3855 ita

173 3902 379 3953 quoqne
404 3888 523 3937 cod.
543 3888 978 3936 nostem—Attin.
997 3892 1073 3937 Ita
1099 3905 1162 3937 ex
1187 3888 1487 3938 Casnnhono
1514 3889 1849 3953 reposuimus.
1876 3885 2002 3937 Cod.
2020 3897 2215 3947 noster,

175 3970 307 4031 Am.
327 3972 538 4021 Veteres
554 3978 724 4019 antem
739 3984 880 4038 seque
901 3968 1135 4019 dicebant
1154 3968 1294 4019 Attin
1319 3979 1370 4019 et
1393 3971 1560 4032 Aegre,
1582 3983 1671 4016 sen
1693 3968 1832 4027 Am:

1822 4044 1857 4109 3
