2775 4619
572 404 708 469 Ex
762 405 1072 470 LIBRo
1126 405 1237 470 xl
1296 380 1632 470 snm.-
1699 424 1704 430 ·
1769 390 1778 402 ‘
1983 406 2116 493 269

157 603 447 702 Quamvis
472 626 747 685 desubito
778 626 945 685 trinis
970 532 1270 685 dddlulcere‘
1290 625 1482 685 scaIiS.
1525 630 1554 637 “’

160 820 453 879 Tonsillas
475 840 717 905 quoque
739 728 1070 897 praevalidi}
1086 727 1159 877 iii
1186 817 1430 911 funibus
1457 831 1638 898 aptaS.
1651 894 1674 903 Γ

161 1014 471 1073 Fluctibus
496 1034 532 1073 a
556 1014 861 1092 ventisque
886 920 1143 1071 advergs
1166 1014 1408 1074 firmiter
1429 1026 1637 1073 essent.

163 1212 447 1288 Languor
471 1221 531 1267 et
557 1210 873 1287 oppressit,
899 1114 1480 1287 pigrcii-{Otorporque
1508 1207 1741 1287 quietis.

165 1407 265 1463 Nae
293 1404 359 1463 in
384 1422 517 1463 arce
543 1406 757 1463 bovem
782 1308 1073 1491 ,discerpsxir
1084 1310 1420 1484 i113gntfice,
1447 1404 1662 1486 inquit.

134 1629 139 1634 -
167 1600 509 1701 Improhu',
538 1599 871 1671 confidens,
901 1505 1178 1657 meildsldt
1207 1620 1464 1677 nequam
1484 1600 1768 1659 videatur.
1806 1682 1809 1685 Ι

864 1816 1338 1838 mmmm

364 1980 509 2047 EX
574 1979 907 2053 LIBRO
970 1980 1089 2047 XI
1153 1978 1835 2049 SATIRARUM.

975 2151 981 2163 “
1075 2149 1122 2203 Ῑ.
1449 2200 1452 2203 ,

171 2243 427 2316 Quintus
455 2242 728 2320 Opimius
752 2240 855 2300 ille
884 2245 919 2301 J
921 2242 1225 2322 ugurthini
1250 2254 1415 2322 pater
1442 2242 1621 2324 hujus
1641 2285 1660 2315 ‚

174 2341 245 2395 Et
270 2340 566 2399 formosus
593 2338 772 2397 homo
803 2339 917 2397 fuit
934 2383 951 2410 ‚
977 2352 1035 2398 et
1062 2340 1318 2398 famosus
1339 2385 1356 2412 ‚
1384 2353 1708 2419 utrumque

174 2438 365 2498 Primo
392 2436 729 2496 adolescens
745 2479 761 2508 ‚
790 2438 1081 2514 posterius
1108 2437 1371 2497 directiu’
1407 2457 1549 2496 sese.

982 2531 985 2536 ’
1058 2538 1089 2593 I
1105 2539 1152 2593 Ι.

178 2630 399 2689 Cassiu’
426 2633 598 2690 Caius
624 2630 721 2689 hic
748 2631 1031 2709 operariu’
1050 2675 1067 2703 ‚
1096 2651 1275 2710 quem
1302 2631 1699 2709 Cephalonem

178 2729 432 2788 Dicimu’
464 2743 779 2800 sectorem,
810 2730 1210 2807 Furiumque‘,
1245 2728 1404 2786 hunc
1433 2729 1651 2787 Tulliu'
1681 2727 1927 2808 quidam⁴

179 2827 371 2886 Judex
396 2826 673 2885 heredem
699 2827 867 2898 facit,
899 2840 958 2886 et
985 2825 1241 2884 damnati
1268 2825 1367 2883 alii
1395 2845 1619 2884 omnes·

1042 2928 1071 2981 Ι
1088 2928 1117 2981 Ι
1135 2927 1182 2981 Ι.

158 3019 386 3094 ⁸Luciu’
414 3023 583 3080 Cotta
611 3041 785 3080 senex
813 3020 1000 3079 Crassi
1026 3034 1191 3098 pater
1217 3023 1384 3100 huju’
1415 3021 1633 3079 Panaeti

182 3118 431 3196 Magnus
462 3119 607 3178 trico
634 3119 745 3178 fuit
770 3118 1123 3179 nummariu'
1141 3161 1159 3191 ,
1188 3117 1411 3176 solvere
1438 3115 1592 3175 nulli

182 3214 419 3273 Lentus.

180 3398 224 3447 3.
245 3401 471 3467 Nonius:
491 3401 749 3461 Desubito,
765 3417 860 3469 pro
886 3401 1075 3452 subito.
1232 3417 1277 3450 1.
1310 3401 1536 3451 Nonius:
1565 3401 1849 3461 Famosum,
1877 3402 2126 3453 infamem.

182 3488 225 3537 4.
244 3484 444 3532 Nonius
461 3502 472 3531 ε
489 3488 671 3548 Aptum
682 3521 697 3544 ,
724 3499 1007 3533 connexum
1026 3495 1078 3532 et
1230 3498 1281 3530 2.
1296 3484 1433 3531 Non.
1448 3486 1718 3543 Damnare,
1735 3495 1808 3532 est
1817 3484 2130 3554 exheredare.

119 3559 391 3629 colligatum
418 3563 679 3630 sig-nificat.
1230 3565 1276 3611 3.
1308 3565 1540 3614 Nonius:
1573 3566 1794 3614 Dic-ones
1811 3599 1831 3624 ,
1864 3564 2052 3612 morosi
2083 3571 2134 3611 et

184 3644 230 3691 5.
256 3646 483 3696 Nonius:
504 3646 753 3705 Firmiter,
772 3663 866 3712 pro
884 3644 1041 3694 firme.
1159 3645 1222 3692 ad
1239 3647 1547 3695 reddendum
1566 3647 1697 3697 duri.
1718 3647 1880 3694 Idem:
1901 3647 2134 3699 Lernam,

185 3724 229 3770 6.
242 3727 376 3775 Non.
397 3725 584 3792 Pigron
598 3729 791 3792 generis
803 3726 1079 3775 masculini.
1158 3728 1313 3776 facile.
1332 3729 1510 3776 —Vel
1547 3729 1717 3792 potius
1733 3762 1747 3786 ,
1779 3728 1933 3774 lentus
1958 3725 2134 3772 solvere

185 3817 230 3863 7.
243 3807 375 3855 Don.
386 3807 444 3853 in
458 3807 617 3854 Andr.
633 3815 727 3854 act.
740 3811 813 3867 Π,
824 3825 892 3854 sc.
916 3824 959 3855 1:
974 3807 1083 3864 Nae,
1162 3809 1289 3856 nulli
1299 3844 1315 3866 ,
1336 3808 1638 3856 archaismus
1659 3818 1732 3854 est
1749 3825 1760 3854 ε
1781 3806 1892 3853 duae
1908 3805 2134 3870 negatio-

124 3881 448 3946 valde,aut‚ut
456 3885 659 3960 quidam
668 3888 903 3948 volunt,o
917 3905 1083 3952 quam.
1162 3903 1252 3938 nes
1270 3906 1367 3954 pro
1386 3905 1516 3937 una:
1545 3891 1698 3956 (entus
1710 3922 1728 3945 ,
1750 3904 1857 3935 non
1875 3896 2138 3951 promptus

188 3964 229 4010 8.
258 3969 490 4016 Nom'us:
525 3965 828 4036 Confidencia
840 4004 858 4032 ,
885 3983 1085 4020 rursum
1162 3970 1353 4019 solvere
1366 3969 1525 4028 nulli,
1542 3967 1596 4025 id
1609 3979 1708 4040 est.
1727 3968 1860 4018 nulli
1872 3978 2136 4033 promptus

120 4047 351 4099 temeritas
360 4083 385 4110 ,
407 4047 628 4098 audacia.
1162 4051 1367 4098 solvere.
