2775 4619
613 388 751 453 EX
797 387 1109 455 LIBRO
1159 390 1272 455 III
1327 388 1647 456 SATIR.

2018 396 2147 480 249

1093 515 1171 571 X.

187 609 668 674 promontorium
693 611 872 670 remis
898 613 1231 690 superamu’
1257 583 1553 673 Minervae.

508 761 509 764 ,
1062 712 1122 768 X
1138 711 1186 766 1.

187 811 492 880 Quattuor
517 805 656 864 hinc
681 796 851 866 Silari
875 804 950 863 ad
983 805 1205 863 flumen
1219 848 1236 877 ‚
1264 817 1626 886 portumque
1647 775 2001 866 Alburnum.

1051 903 1111 960 X
1129 905 1158 959 1
1176 905 1224 960 1.

194 1002 350 1062 Hinc
378 999 577 1060 medi-'³⁴
601 1000 777 1059 remis
802 1000 1144 1059 Palinurum
1169 1001 1445 1079 pervenio
1472 1020 1611 1061 nox.

1021 1098 1080 1153 X
1099 1098 1127 1153 1
1144 1101 1173 1155 1
1193 1098 1239 1154 1.

210 1235 1222 1256 ..........................
1260 1197 1335 1252 Et
1363 1214 1518 1273 saepe
1543 1195 1709 1274 quod
1733 1206 1866 1254 ante

198 1295 432 1374 Optasti
447 1335 466 1364 ,
497 1293 642 1351 freta
665 1296 944 1350 Messanae
961 1333 978 1361 ‚
1002 1303 1061 1350 et
1091 1291 1352 1370 Rhegina
1371 1291 1599 1350 videbis

200 1393 422 1452 Moenia
442 1435 461 1465 ‚
496 1403 625 1450 tum
653 1391 923 1468 Liparam
940 1432 957 1461 ‚
987 1403 1047 1448 et
1072 1389 1356 1447 Fasceliti’
1386 1387 1607 1468 templa
1628 1389 1845 1448 Dianae.
1938 1427 1945 1434 -

1042 1489 1102 1544 X
1117 1489 1147 1543 Ι
1159 1489 1232 1544 V.

204 1588 314 1648 Hic
328 1630 343 1644 .
370 1630 385 1644 .
411 1630 425 1645 .
453 1629 467 1642 .
506 1585 724 1644 summi
751 1597 985 1664 superat
1011 1583 1302 1642 carchesia
1331 1581 1492 1651 mali.

1062 1683 1205 1739 XV.

219 1818 1269 1840 ...........................
1304 1776 1595 1853 Viamque

208 1879 310 1937 Vis
332 1877 668 1957 degn-amari
684 1921 700 1949 ‚
730 1889 799 1934 ut
820 1876 1020 1935 castris
1045 1893 1280 1933 mensor
1306 1873 1447 1932 facit
1468 1872 1632 1931 olim.

959 1978 987 1991 ⁶
1045 1973 1171 2029 XV
1187 1973 1236 2028 I.

226 2111 718 2131 .............
743 2071 817 2130 Et
840 2070 1092 2148 spatium
1117 2067 1378 2128 curando
1402 2067 1637 2145 corpori
1658 2065 1971 2126 honestum
2058 2126 2065 2131 ,

215 2173 552 2230 Sumemus.

1033 2267 1158 2325 XV
1172 2267 1201 2323 I
1215 2265 1264 2323 I.

217 2368 426 2426 Ostrea
450 2364 615 2425 nulla
640 2365 753 2423 fuit
773 2408 790 2437 ‚
817 2382 939 2423 noa
962 2382 1224 2441 purpura
1245 2405 1263 2433 ‚
1291 2360 1458 2419 nulla
1485 2359 1718 2440 peloris.

1007 2462 1130 2519 XV
1145 2463 1175 2517 Ι
1191 2463 1220 2517 1
1238 2461 1289 2517 I.

215 2542 502 2625 Asparagi·
521 2542 691 2601 nulli.

216 2747 293 2780 10.
319 2730 526 2781 Servius
551 2731 608 2778 P.
631 2727 854 2779 Danielis
874 2727 1087 2777 Aurelii.

1178 2740 1339 2783 ¹cusas
1371 2740 1402 2772 a
1437 2723 1639 2773 somnio
1676 2723 1995 2785 admonitus,
2021 2726 2175 2775 simu-

215 2824 293 2855 11.
320 2804 556 2867 Probus,
579 2808 636 2853 in
661 2808 736 2855 IV
759 2808 942 2870 Georg.
964 2805 1112 2869 Virg·
1191 2806 1385 2855 lacrum
1416 2808 1561 2868 Deae,
1587 2804 1727 2869 quod
1756 2823 1927 2855 secum
1960 2806 2022 2854 de
2044 2808 2175 2855 Tau-

147 2888 352 2936 Silarum
367 2886 566 2935 flumen
583 2897 657 2935 est
667 2886 923 2944 Lucaniae;
937 2894 1117 2949 portus

149 2964 434 3024 Alburnus,
450 2974 504 3011 et
525 2964 633 3029 ejus
650 2963 875 3012 nominis
893 2976 1042 3010 mons
1053 2959 1120 3009 ad

151 3056 342 3093 sextum
367 3060 399 3091 a
423 3044 604 3108 primis
632 3043 868 3093 tabernis.

219 3142 240 3173 1
251 3142 300 3173 a.
327 3126 448 3173 Nox
464 3135 482 3182 ‚'
509 3125 753 3193 ἀρχαικῶς
765 3159 782 3186 ,
798 3140 894 3191 pro
911 3134 1084 3173 noctu.

218 3208 295 3255 13.
333 3206 532 3255 Probus
553 3242 568 3266 ,
606 3206 668 3255 de
699 3208 802 3255 vita
833 3207 1036 3273 Virgilii
1071 3216 1123 3255 ct

148 3284 366 3335 bucolici
397 3286 639 3334 carminis
673 3287 896 3335 ratione:
920 3288 1123 3335 Orestes

149 3380 263 3431 post
292 3368 624 3433 parricidium
654 3370 852 3429 furens,
882 3384 1122 3435 responso

150 3446 320 3497 didicit
343 3442 486 3513 quod
515 3448 788 3513 deponeret
812 3450 1033 3498 furorem
1053 3450 1122 3497 ita

152 3527 348 3576 demum
359 3563 376 3590 ‚
396 3530 470 3586 si,
489 3528 778 3594 recuperati·
791 3544 960 3577 sorore
979 3529 1122 3593 Iphi·

150 3606 312 3670 genii,
331 3608 625 3657 ablueretur
635 3609 812 3671 fluvio,
825 3609 916 3675 qui
933 3619 1124 3672 septem

151 3684 444 3737 fluminibus
477 3689 889 3738 confunderetur.
918 3688 1020 3736 Diu
1045 3705 1130 3736 ve-

152 3778 322 3827 xatus,
347 3766 468 3815 cum
492 3767 559 3815 in.
576 3768 787 3815 Taurica
815 3766 1128 3831 Iphigeniam

153 3848 413 3910 reperisset
425 3882 444 3905 ,
469 3848 614 3897 venit
638 3847 704 3895 ad
719 3846 846 3896 {ines
864 3846 1129 3912 Rhegino-

155 3940 260 3973 rum
273 3944 288 3986 ς
303 3927 480 3992 ibique
493 3929 704 3976 invento
718 3928 929 3975 flumine
945 3928 1128 3987 elutus,

157 4006 346 4072 trajecit
369 4008 427 4057 iu
457 4007 678 4058 Siciliam
697 4022 718 4057 z·
737 4016 790 4057 et
815 4007 960 4073 juxta
991 4010 1132 4074 Syra-

1195 2888 1296 2936 rica
1312 2888 1600 2945 advexerat,
1620 2886 1806 2951 templo
1820 2887 1987 2950 posito
2002 2903 2176 2937 conse·

1197 2967 1356 3015 oravit
1369 3001 1384 3025 ‚
1406 2982 1556 3031 quam
1583 2965 1849 3029 appellavit
1871 2965 2141 3015 Fascelitim
2155 2984 2175 3013 .-

1196 3047 1302 3095 sive
1321 3046 1461 3110 quod
1481 3046 1608 3093 fasce
1628 3045 1883 3109 lignorum
1902 3056 2093 3095 tectum
2113 3046 2176 3095 de

1196 3126 1404 3175 Taurica
1433 3125 1756 3173 simulacrum
1785 3126 2058 3174 extulisset.

1277 3214 1354 3263 1-4.
1368 3204 1595 3254 Nonius:
1621 3202 1895 3264 Care-laesia,
1913 3205 2031 3253 aliis
2044 3222 2179 3254 sum-

1201 3302 1281 3335 ma
1309 3302 1428 3351 pars
1460 3286 1591 3334 mali.
1632 3289 1759 3333 Item
1788 3286 2035 3337 foramina
2066 3302 2180 3353 quae

1202 3384 1399 3416 summo
1430 3367 1547 3415 mali
1574 3369 1722 3415 funes
1748 3369 2017 3435 recipiunt.

1278 3449 1362 3497 15.
1404 3448 1604 3496 Nonius
1633 3466 1643 3495 :
1685 3448 1887 3496 Grumae
1918 3457 2037 3497 sunt
2067 3448 2179 3495 loca

1199 3528 1360 3577 media
1375 3562 1390 3587 ,
1407 3528 1466 3575 in
1483 3544 1595 3591 quae
1612 3528 1811 3576 directae
1824 3539 2044 3595 quatuor
2063 3542 2182 3575 con·

1165 3598 1178 3609 ⁸
1203 3619 1475 3675 gregantur
1492 3618 1541 3655 et
1562 3608 1878 3656 conveniunt
1898 3608 2004 3654 viat.

1282 3689 1360 3735 16.
1386 3688 1616 3737 Nonius:
1642 3690 1839 3735 Sumere
1866 3686 2010 3733 etiam
2032 3685 2185 3753 signi·

1206 3766 1322 3816 ficat
1349 3768 1541 3833 eligere.

1284 3852 1362 3911 i7.
1405 3848 1605 3898 Nonius
1626 3864 1638 3895 :
1672 3849 1843 3895 Ostrea
1882 3846 2077 3912 generis
2115 3847 2183 3895 fe-

1208 3929 1406 3977 miniui.

1285 4028 1306 4058 1
1320 4012 1364 4059 8.
1387 4008 1643 4060 Charisius
1661 4043 1676 4072 ‚
1701 4006 1790 4079 lib.
1811 4010 1849 4058 1.
1871 4008 2010 4060 Sicut
2028 4018 2077 4057 et
2094 4008 2190 4057 fas-
