2775 4619
601 409 738 477 '156

1115 412 1195 477 A.
1245 410 1627 479 PERS'II
1689 408 2075 478 FLACCI

695 534 1063 626 supplicet,
1091 536 1437 603 accedam?
1463 530 1529 603 Si
1566 554 1740 610 totus
1772 552 1837 602 et
1866 526 2127 627 integer
2143 534 2333 603 illinc

693 653 987 734 Exieras,
1010 676 1132 719 nec
1148 673 1413 719 nune...
1436 654 1589 738 Hic,
1608 654 1749 738 hic,
1770 674 1969 743 quem
1989 655 2349 742 quaerimus
2364 702 2385 735 ‚
2408 653 2529 719 hie
2546 669 2655 733 est;

695 769 760 834 N
760 790 849 833 on
877 769 965 833 in·
979 770 1226 835 festuca
1245 763 1479 854 ,lictor
1514 792 1714 859 quam
1736 772 1937 857 jactat
1963 762 2245 858 ineptus.

2572 774 2653 848 175
2707 782 2708 821 ἒ

694 884 730 948 J
735 892 811 949 us
842 882 1040 949 habet
1069 885 1180 949 ille
1215 887 1318 950 sui
1351 886 1547 975 palpo
1568 934 1587 969 ,
1620 902 1822 975 quem
1856 880 2041 951 ducit
2070 884 2370 949 hiantem

606 1094 690 1149 Ex
707 1094 1012 1149 Menandro
1024 1109 1079 1149 et
1089 1096 1312 1149 Terent.
1328 1096 1585 1149 Eunuch.

607 1162 752 1229 scen.
809 1196 853 1231 1.
897 1196 967 1230 ex
1015 1190 1253 1249 utroque
1293 1177 1553 1229 Horatius
1569 1214 1587 1245 ,

603 1254 703 1309 lib.
755 1259 814 1310 ΙΙ
835 1274 868 1324 ,·
891 1273 986 1314 sat.
1032 1260 1062 1313 3
1088 1298 1106 1325 ,
1151 1271 1205 1315 et
1248 1259 1467 1311 Persius
1521 1277 1590 1312 ex

606 1337 730 1391 illis.
761 1338 824 1390 P.

687 1420 803 1491 173.
836 1420 891 1470 Si
914 1434 1039 1471 totus
1063 1434 1114 1471 et
1135 1422 1346 1488 integer,
1375 1416 1493 1489 eta]
1530 1416 1585 1469 Si

612 1510 763 1565 toto,
798 1501 977 1572 pergit
1014 1502 1227 1565 Davus,
1263 1500 1499 1565 exieras,
1534 1512 1589 1553 et

608 1580 820 1651 integro
841 1581 1022 1633 animo
1051 1600 1118 1633 ex
1138 1582 1244 1633 hoc
1265 1583 1456 1635 insano
1476 1599 1587 1633 me-

605 1660 819 1714 retricis
863 1680 1046 1714 amore
1077 1682 1093 1729 ς
1140 1684 1230 1717 nec
1269 1682 1401 1713 nunc
1426 1701 1445 1723 ,
1490 1660 1590 1715 etsi

608 1756 874 1809 accersat,
894 1742 1195 1796 accederes.
1225 1745 1290 1795 L.

684 1830 770 1895 74.
813 1828 916 1875 Nec
955 1828 1130 1894 nana]
1171 1824 1276 1877 Hic
1315 1826 1504 1891 locus,
1529 1836 1593 1879 ut

610 1906 861 1958 observat
882 1906 1156 1977 interpres
1182 1906 1430 1962 Gallicus
1448 1908 1595 1969 Salate,

609 1986 748 2041 mire
776 1986 933 2039 torsit
959 1988 1316 2059 interpretes;
1343 1987 1441 2041 sed
1468 2007 1595 2059 per·

607 2082 800 2137 peram
832 2078 978 2121 certe
1005 2086 1020 2117 ε
1052 2087 1178 2123 nam
1213 2068 1354 2121 nihil
1387 2068 1597 2140 simpli-

611 2147 748 2200 cius.
759 2147 1089 2241 supradicta
1107 2148 1152 2203 si
1167 2157 1239 2221 τῷ
1255 2169 1345 2201 nec
1359 2168 1493 2199 nunc
1508 2148 1601 2202 ad-

607 2227 857 2297 junxeris
871 2266 888 2292 ‚
909 2246 1096 2281 sensus
1113 2228 1246 2281 erit:
1267 2228 1404 2281 dicis
1418 2266 1435 2294 ‚
1458 2227 1597 2299 quid

611 2307 842 2360 faciam?
861 2308 916 2360 Si
937 2329 1024 2362 me
1040 2323 1196 2364 vocet
1207 2330 1326 2364 mea
1344 2311 1536 2375 amica,
1550 2308 1595 2364 si

615 2390 761 2441 ultro
771 2391 1139 2462 supplicet‚ne
1153 2411 1304 2446 nunc
1319 2391 1597 2456 accedam?

618 2471 929 2540 Queferae'y'e
939 2476 984 2524 si
991 2494 1074 2524 ma
1087 2479 1180 2528 bon
1185 2478 1384 2540 auu-aie
1393 2494 1470 2524 me
1483 2493 1598 2542 rap-

606 2554 776 2617 pelle?
796 2557 851 2604 Si
865 2557 957 2605 elle
981 2575 1059 2618 me
1079 2558 1267 2624 supplic
1275 2594 1293 2616 ,
1315 2558 1531 2626 aurai-je
1550 2560 1603 2606 Ia

614 2631 788 2680 durete'
807 2634 868 2682 de
895 2635 946 2682 la
974 2634 1162 2700 refuser
1175 2642 1202 2684 ,ι’
1227 2633 1312 2684 Ita
1325 2671 1344 2697 ‚
1365 2646 1511 2685 certe
1526 2671 1545 2698 ‚
1566 2637 1600 2685 ὁ

615 2709 970 2767 Chaerestrate
995 2752 1013 2778 ‚
1049 2714 1094 2768 si
1134 2731 1298 2767 sanus
1337 2726 1393 2766 et
1428 2715 1605 2767 victor

614 2809 685 2844 ex
716 2794 821 2846 hoc
852 2793 1113 2850 conflictu
1151 2796 1316 2848 animi
1350 2795 1442 2853 tui,
1459 2794 1606 2846 exie·

613 2892 702 2926 ras
718 2913 737 2940 ‚
777 2876 821 2927 si
864 2876 1003 2930 liber
1058 2896 1296 2934 evaseras
1341 2876 1571 2928 omnino
1587 2912 1604 2940 ‚

613 2976 707 3018 trec
727 2976 860 3007 nunc
887 2959 1154 3030 (supple)
1175 2957 1490 3022 accederes;
1510 2953 1607 3008 sed

615 3037 675 3090 in
705 3039 993 3110 proposito
1028 3053 1128 3093 tuo
1161 3051 1473 3093 constanter
1500 3050 1606 3089 sta·

615 3137 719 3171 res.
760 3121 919 3173 Tunc
953 3128 1118 3196 poeta
1149 3121 1467 3175 concludit:
1492 3122 1601 3184 hic,

619 3201 698 3251 hic
718 3238 735 3261 ‚
784 3219 929 3265 quem
980 3205 1247 3269 qua-rimus
1267 3243 1281 3262 ‚
1323 3202 1559 3254 liberum
1581 3237 1600 3265 ‚

617 3301 730 3334 non
753 3281 1178 3338 Chaerestratum
1201 3281 1384 3336 adhuc
1405 3282 1603 3336 vinou-

614 3361 683 3416 lis
702 3365 899 3416 amoris
914 3365 1190 3418 irretitum
1204 3379 1260 3418 et
1279 3377 1568 3418 nutantem
1583 3381 1601 3428 ;

613 3443 716 3498 sed
748 3463 877 3497 eum
904 3447 1162 3516 juvenem
1193 3445 1394 3499 fortem
1420 3443 1603 3498 animo

619 3539 677 3580 et
701 3526 1004 3598 sapientem
1032 3527 1158 3601 qui,
1181 3527 1390 3580 etiamsi
1416 3545 1445 3580 a
1470 3545 1603 3598 sup-

1666 1095 1895 1169 plicanti
1914 1106 1969 1149 et
1985 1092 2309 1168 lacrymanti
2326 1094 2571 1147 muliere
2588 1111 2657 1145 re·

1667 1192 1932 1243 vocetur,
1956 1195 2068 1229 non
2096 1175 2325 1229 accedit.
2342 1179 2565 1236 —Hic‚
2592 1176 2659 1224 Ιιίσ

1668 1279 1815 1329 quem
1860 1261 2143 1325 quoerimus.
2190 1258 2271 1309 Ea
2315 1269 2456 1309 sunt
2506 1256 2657 1309 verba

1669 1338 1866 1406 Persii3
1887 1339 2121 1393 scilicet=
2138 1337 2237 1410 qui
2257 1339 2510 1391 oblatam
2526 1356 2660 1407 sper·

1667 1424 1750 1477 nit
1760 1423 2097 1477 occasionem
2108 1419 2397 1491 explendae
2408 1418 2663 1479 libidinis,

1670 1504 1767 1578 qui
1795 1516 1945 1558 totus
1978 1516 2033 1555 et
2067 1501 2282 1572 integer
2316 1499 2437 1553 exit
2478 1519 2513 1553 e
2540 1518 2662 1571 pra:-

1668 1588 1773 1651 lio,
1789 1585 1881 1637 hic
1900 1596 1978 1637 est
1998 1583 2137 1636 liber
2156 1600 2323 1653 quem
2345 1581 2659 1653 quaerimus.

1678 1670 1750 1721 Et
1768 1682 1851 1722 est
1866 1666 1966 1721 alia
1983 1666 2147 1719 lectio
2168 1678 2223 1717 et
2240 1662 2661 1734 interpretatio:

1675 1754 1720 1804 si
1748 1764 1874 1801 totus
1910 1762 1963 1799 et
1998 1751 2209 1815 integer,
2241 1744 2435 1817 influit
2472 1748 2663 1815 poeta,
2708 1754 2710 1763 '

1674 1828 1881 1886 exiet-125,
1906 1824 1951 1877 si
1971 1843 2043 1877 ex
2067 1822 2176 1876 hoc
2204 1818 2479 1873 conflictu
2506 1818 2664 1871 animi

1676 1908 1757 1961 tui
1770 1907 1946 1960 victor
1966 1918 2022 1958 et
2039 1922 2199 1957 sanus
2220 1901 2457 1957 evaseris
2472 1921 2495 1967 3
2512 1920 2641 1951 nunc
2650 1935 2665 1959 ‚

1676 2008 1837 2050 nunc,
1878 1999 1933 2039 te
1966 1985 2206 2037 liberum
2244 2000 2529 2055 agnosco;
2564 1983 2663 2039 hic,

1678 2072 1758 2131 liic
1803 2080 1882 2121 est
1901 2106 1917 2131 ‚
1958 2085 2103 2135 quem
2148 2066 2421 2133 quoerimus
2432 2102 2453 2124 ‚
2494 2061 2667 2133 pergit

1676 2155 1837 2221 poeta
1854 2186 1871 2214 ‚
1894 2147 2113 2221 juvenis
2140 2146 2321 2199 animo
2347 2144 2517 2197 fortis
2540 2158 2593 2195 et
2612 2144 2666 2193 li·

1677 2232 1778 2283 ber
1796 2243 1849 2283 et
1873 2230 2104 2300 sapiens.
2125 2226 2254 2279 Haec
2276 2225 2665 2297 interpretatio

1675 2311 1851 2385 priori
1862 2307 2245 2382 anteponenda
2260 2308 2409 2360 foret
2420 2345 2443 2372 ‚
2466 2306 2578 2358 nisi
2592 2306 2666 2357 in-

1674 2404 1881 2464 gratam
1911 2391 2182 2463 praeberet
2219 2387 2589 2458 tautologiam
2614 2385 2665 2436 iu

1675 2475 1797 2540 his,
1832 2493 1965 2524 nunc
1986 2509 2001 2532 ,
2042 2491 2175 2522 nunc
2192 2509 2212 2531 ‚
2254 2471 2371 2532 hic,
2412 2471 2538 2520 laic:
2580 2466 2663 2522 sed

1681 2554 1867 2609 videat
1892 2554 2081 2608 lector.
2109 2552 2173 2604 A.

1758 2636 1877 2705 175.
1910 2638 2022 2686 Non
2049 2633 2351 2701 itt-festuca]
2376 2630 2528 2683 Talis
2548 2647 2667 2682 vero

1684 2736 1799 2770 non
1828 2728 1954 2780 est,
1984 2733 2151 2788 quem
2188 2724 2395 2784 praetor
2426 2711 2667 2764 vindict&
2711 2709 2712 2726 ³

1686 2797 1813 2850 facit
1832 2797 2070 2848 liberum
2097 2793 2275 2859 civili,
2303 2791 2467 2863 quod
2505 2809 2669 2844 unum

1686 2890 1867 2950 potest
1882 2915 1897 2942 ‚
1920 2877 2186 2930 libertate.
2202 2879 2517 2924 -Fescuca
2548 2871 2667 2923 Vin·

1688 2959 1833 3013 dicta
1878 2955 2135 3012 Praetoris'
2169 2996 2184 3023 ‚
2236 2956 2418 3026 κάρφος
2460 2977 2477 3018 ;
2527 2951 2666 3006 unde

1685 3041 1989 3106 eaefi’scaoare
2014 3075 2031 3098 ‚
2068 3037 2129 3090 in
2163 3035 2379 3107 legibus
2422 3033 2665 3086 Aleman-

1685 3138 1888 3176 uorum
1926 3131 1981 3172 et
2016 3117 2315 3180 saxorum,
2342 3128 2401 3171 et
2436 3113 2667 3166 historiis

1684 3219 1877 3254 eorum
1908 3213 2240 3270 temporum.
2272 3197 2335 3250 C.

1758 3300 1781 3334 1
1792 3284 1878 3352 26.
1904 3286 1989 3331 Jus
2006 3281 2156 3330 babet
2172 3281 2253 3328 ille
2267 3279 2349 3328 sui
2356 3279 2520 3343 palpo
2530 3314 2549 3339 ,
2571 3277 2665 3341 etc-J

1681 3346 1847 3416 Aliud
1868 3359 2181 3430 exemplum
2196 3356 2470 3428 proponit
2486 3355 2560 3408 de
2574 3374 2664 3407 am-

1683 3443 1903 3496 bitioso.
1936 3442 2019 3492 An
2042 3478 2059 3503 ‚
2092 3437 2315 3510 inquit,
2353 3437 2475 3491 talis
2510 3437 2663 3488 homo

1683 3523 1849 3578 habet
1868 3521 1954 3574 sui
1980 3531 2307 3594 potestatem
2336 3531 2391 3570 et
2416 3516 2591 3568 animi
2614 3513 2665 3566 li-

689 3729 754 3772 V.
802 3735 917 3787 174.
956 3724 1167 3774 Exit-ras
1191 3759 1210 3782 ,
1252 3741 1343 3772 nee
1381 3739 1533 3770 nunc.
1578 3723 1653 3769 Ita
1688 3729 1786 3771 vet.
1830 3717 1987 3766 schol.
2029 3715 2175 3764 codd.
2217 3714 2443 3764 Colbert.
2484 3715 2570 3770 11,
2602 3712 2661 3758 111

617 3807 873 3871 (Colbert.
891 3810 915 3855 1
931 3841 946 3865 ‚
971 3823 1071 3854 non
1101 3803 1268 3870 nunc)
1282 3838 1300 3863 ‚
1331 3804 1485 3852 codd.
1516 3817 1721 3866 quoque
1748 3798 2039 3856 Fauchetii‚
2058 3795 2257 3844 Pithoni
2282 3795 2437 3851 alter,
2456 3791 2663 3842 Mantel-

619 3885 802 3932 lianus.
825 3888 896 3933 At
925 3896 1027 3934 vet.
1055 3885 1134 3932 ed.
1162 3883 1280 3931 Brit.
1315 3881 1463 3930 codd.
1496 3881 1737 3939 Puteani,
1756 3878 1955 3928 Thuan.
1985 3875 2224 3924 Macrin.
2252 3883 2424 3922 noster
2441 3906 2459 3934 ,
2478 3883 2533 3922 et
2562 3870 2664 3924 alii,

618 3963 801 4012 exieris
811 3981 834 4020 ;
865 3981 1028 4022 nunc,
1055 3978 1200 4012 nune.

693 4071 758 4117 V·
787 4087 806 4117 ¹
822 4071 900 4131 76.
925 4071 1088 4122 Ducit.
1116 4073 1192 4120 Ita
1214 4085 1391 4120 omnes
1416 4068 1584 4119 nostri
1612 4066 1758 4118 codd.
1780 4069 1893 4118 Vct.
1917 4061 2075 4115 schol.
2096 4061 2263 4122 solus,
2290 4058 2430 4109 tollit.
2448 4083 2467 4100 κ
