2775 4619
597 507 723 572 232
875 582 880 595 ‚
993 504 1064 573 c,
1111 489 1507 574 Lucan
1554 503 2195 577 FRAGMENTA·

1446 627 1453 634 ⁴
1540 635 1589 689 L
1605 635 1633 689 I
1650 635 1679 688 I
1701 632 1748 689 I.

669 729 825 788 Tum
853 745 1018 805 spara
1033 769 1051 799 ,
1077 739 1207 785 tum
1227 631 1522 787 rumicesX
1505 739 1814 806 portantur
1831 772 1850 801 ‚
1872 731 2101 809 tragula
2124 748 2313 810 porro.

1545 829 1593 882 L
1610 829 1639 883 Ι
1710 869 1727 884 .

667 922 1000 980 Varronum
1017 965 1036 994 ‚
1061 941 1129 980 uc
1151 922 1429 1001 rupicum
1454 827 1759 1000 guar-rga
1774 967 1791 996 ,
1821 924 2121 984 incondita
2146 935 2339 986 rostra.

666 1117 750 1176 Ut
771 1114 928 1175 veles
953 1115 1160 1188 bonu’‚
1190 1113 1300 1174 sub
1325 1022 1905 1195 vitequssixL-iimicit
1928 1116 2139 1178 hastas.

1471 1214 1532 1273 X
1550 1217 1597 1272 L
1611 1217 1666 1272 V
1679 1215 1726 1272 1.

635 1312 729 1372 Si
749 1331 890 1370 vero
913 1307 1049 1382 dna,
1073 1311 1238 1390 quod
1260 1323 1461 1390 rogat,
1488 1323 1547 1370 et
1573 1312 1621 1368 si
1650 1313 1897 1392 suggeri’
1923 1331 2167 1392 suppus.

1528 1405 1639 1465 Lv

665 1503 978 1584 Tapullam
1009 1499 1202 1564 rident
1227 1499 1419 1582 legem
1448 1403 1961 1582 ἒηοετξεῑορίηιί.

1418 1599 1477 1658 X
1496 1604 1543 1659 L
1556 1601 1609 1660 V
1623 1604 1652 1658 1
1672 1605 1701 1658 Ι
1719 1603 1765 1658 1.

661 1701 850 1758 Nemo
873 1696 971 1758 hic
996 1691 1277 1757 vindicias
1293 1739 1310 1768 ‚
1335 1717 1590 1768 numen,
1616 1717 1821 1776 neque
1837 1717 1995 1758 sacra
2016 1710 2271 1760 veretur.

1456 1797 1515 1852 X
1534 1799 1581 1852 L
1597 1798 1627 1851 I
1645 1798 1723 1852 X.
2292 1799 2296 1803 ’

662 1893 885 1956 Pascali
912 1912 1124 1971 pecore
1154 1912 1222 1951 ac
1249 1903 1530 1952 montano
1547 1936 1565 1965 ‚
1594 1891 1751 1952 hirto
1778 1905 1955 1972 atque·
1982 1893 2200 1952 soloce.

1560 1992 1628 2047 L.

663 2087 766 2146 Uti
791 2087 1068 2147 esurienti
1095 2086 1254 2147 leoni
1279 2107 1352 2147 ex
1375 2107 1477 2146 ore
1514 2085 1853 2165 exsculpere
1881 2085 2159 2167 praedam.

1541 2187 1588 2242 L
1611 2187 1660 2240 Ι.

663 2285 970 2343 Intereunt
986 2325 1004 2355 ‚
1033 2282 1315 2345 labuntur
1330 2326 1347 2355 ,
1374 2294 1591 2342 cuntur
1617 2281 1814 2342 omnia
1839 2299 2091 2341 versum.

1516 2384 1567 2438 L
1582 2383 1611 2436 I
1629 2383 1679 2437 1.

661 2476 832 2536 'Velle
857 2476 1099 2537 tolutim
1124 2476 1220 2536 hic
1249 2496 1483 2557 semper
1508 2477 1859 2555 incoepturu'
1886 2475 2136 2534 videtur.

1490 2578 1539 2634 L
1556 2578 1585 2631 I
1603 2577 1632 2631 Ι
1652 2574 1699 2629 Ῑ.

661 2671 934 2732 Haerebat
963 2691 1170 2731 mucro
1199 2670 1463 2752 gladium
1488 2672 1552 2729 in
1579 2682 1817 2749 pectore
1843 2681 2057 2729 totum.

1504 2772 1553 2827 L
1571 2770 1600 2823 I
1613 2771 1685 2826 V.

663 2866 811 2925 Saxa
837 2878 897 2925 et
925 2866 1140 2927 stridor
1162 2866 1271 2925 ubi
1300 2877 1477 2944 atquc
1508 2875 1680 2929 erunt
1696 2908 1713 2937 ‚
1741 2864 1887 2924 dum
1913 2861 2120 2923 sibilus
2144 2850 2378 2927 iustitie.

654 3052 739 3110 43.
775 3055 981 3102 Festus:
1021 3054 1179 3117 Spar-a
1190 3088 1208 3111 ,
1235 3052 1435 3101 minimi
1469 3068 1559 3117 ge·
1636 3050 1869 3100 vivialem
1906 3049 2029 3101 ficto
2070 3041 2281 3101 nomine
2320 3053 2587 3121 conscripsit

582 3132 718 3180 neris
748 3134 937 3197 jacula,
960 3150 988 3181 a
1021 3132 1290 3199 spaoeendo
1329 3134 1475 3181 dicta.
1488 3160 1560 3170 —
1632 3133 1813 3198 iocoso
1831 3132 2048 3181 carmine
2056 3135 2289 3183 Valerius
2299 3137 2587 3185 Valentinus.

579 3214 772 3262 Ramex
783 3244 802 3269 ‚
826 3228 985 3278 genus
1009 3215 1116 3261 teli.
1710 3214 1794 3269 48.
1816 3216 2017 3263 Festus:
2044 3212 2283 3262 Vindiciae
2300 3216 2587 3282 appellantur

656 3300 738 3349 44.
769 3298 968 3342 Festus:
993 3293 1279 3357 ὅρηαι-νοεῖ,
1305 3295 1367 3344 ab
1387 3295 1561 3343 eadem
1637 3309 1717 3341 res
1742 3310 1811 3342 eae
1825 3328 1839 3353 ‚
1858 3294 1921 3341 de
1946 3294 2131 3359 quihus
2158 3298 2493 3345 controversia
2514 3307 2582 3344 est.

580 3384 900 3437 squamarum
956 3374 1174 3438 piscium
1229 3375 1560 3423 similitudine
1711 3382 1794 3436 49.
1830 3378 2005 3421 Festus
2028 3391 2039 3422 :
2072 3375 2254 3432 Solox,
2279 3376 2398 3424 lana
2430 3392 2586 3435 cram,

580 3452 706 3501 dicti
720 3488 735 3512 ‚
749 3470 966 3519 quorum
985 3456 1112 3503 cutis
1129 3458 1374 3521 exsurgit,
1396 3455 1462 3504 ob
1482 3472 1557 3505 as-
1638 3454 1719 3501 vcl
1736 3470 1892 3518 pecus
1916 3452 2029 3501 lami
2055 3465 2360 3505 contectum.

579 3533 776 3583 siduam
791 3534 1032 3585 illuviem.
1045 3536 1324 3601 *Rupices
1335 3571 1353 3595 ‚
1373 3536 1491 3585 duri
1513 3548 1563 3584 et
1713 3534 1792 3581 50.
1814 3534 1949 3582 Non.
1963 3536 2257 3599 &sculpere
2268 3568 2285 3591 ,
2298 3545 2587 3601 extorquere.

580 3626 816 3679 agrestes.
1712 3614 1797 3661 51.
1814 3614 2011 3663 Nonius
2028 3632 2041 3662 ς
2061 3614 2279 3682 Intetfici
2296 3626 2346 3663 et
2368 3616 2519 3663 occidi
2534 3616 2585 3663 ad

655 3697 738 3752 45.
767 3699 952 3746 Paulus
979 3713 1042 3746 ex
1070 3702 1213 3745 Festo
1236 3714 1248 3745 :
1278 3698 1375 3743 Sub
1404 3696 1560 3744 vicem
1637 3692 1913 3743 inanimata
1932 3706 2121 3742 veteres
2138 3694 2429 3743 vehementi
2444 3705 2589 3744 aucto-

580 3774 746 3823 }aascas
757 3778 933 3843 jacere
951 3778 1138 3825 dicitur
1155 3776 1288 3825 veles
1303 3810 1319 3835 ,
1340 3774 1455 3823 oiim
1476 3793 1559 3824 eae
1624 3774 1783 3821 xime
1805 3785 2102 3840 posuerunt.

579 3855 676 3902 sub
701 3872 855 3905 mauu
881 3874 1080 3906 sursum
1107 3857 1272 3905 mittit.
1710 3855 1791 3903 52.
1806 3854 2027 3903 Nonius:
2048 3855 2252 3921 Tolutim
2262 3855 2585 3922 dicitur‚quasi

653 3934 736 3989 46.
765 3921 938 3984 Festus
963 3952 974 3982 ε
1006 3939 1217 4000 Suppum
1251 3935 1446 3999 antiqui
1474 3936 1556 3983 di·
1634 3935 1873 3995 volutim,
1890 3937 1972 3985 vel
1988 3936 2295 4007 volubiliter.

471 4055 477 4061 s
579 4010 760 4059 cebant
773 4047 788 4070 ,
810 4031 962 4077 quem
989 4030 1126 4063 nunc
1155 4016 1399 4081 supinum
1425 4016 1555 4064 dici·
1709 4016 1790 4065 53.
1818 4018 1952 4067 Non.
1968 4016 2203 4065 Gladium
2219 4017 2395 4065 neutri
2412 4015 2582 4083 generis.

578 4106 692 4139 mus
719 4109 781 4140 ex
807 4096 998 4143 Graeco.
1706 4096 1795 4153 54.
1827 4098 2031 4149 Nonius
2056 4115 2069 4148 z
2099 4096 2301 4158 sibilus,
2334 4097 2583 4149 masculino

651 4177 734 4243 47·
749 4176 950 4255 Festus-t
979 4175 1233 4246 Tapullam
1253 4177 1403 4246 legem
1426 4193 1554 4228 con·
1632 4192 1826 4248 genere.
