2775 4619
489 444 627 509 Ex
686 446 1027 511 Lumo.
1079 446 1272 513 X1v
1332 447 1666 515 SATIR.
1737 538 1744 544 .

862 622 955 642 m

1927 546 1932 551 Ι
1977 452 2107 542 273

1230 624 1325 643 m

325 740 475 844 Ex
534 775 871 843 LIBRo
928 776 1123 845 xlv
1182 754 1832 867 SATiRARUM.

140 1058 291 1116 Idne
318 1056 461 1135 aegri
486 1066 573 1114 est
594 1055 777 1133 magis
794 1102 811 1128 ,
838 1076 914 1114 an
942 1056 1107 1132 quod
1134 1076 1283 1134 pane
1304 1070 1367 1115 et
1389 1058 1606 1117 viscere
1622 1049 1794 1137 ‘privo
1812 1103 1830 1132 ,

142 1154 327 1227 Quod
352 1154 545 1211 viscus
571 1151 814 1211 dederas
844 1152 1142 1211 tumidum
1158 1156 1315 1225 ,hos
1337 1155 1401 1212 in
1426 1155 1647 1214 viscera
1669 1156 1833 1233 largi.

1043 1255 1072 1307 I
1090 1254 1140 1309 Ῑ.

150 1350 318 1421 Quin
349 1346 549 1426 potius
574 1346 755 1405 vitam
783 1347 957 1425 degas
986 1348 1205 1406 sedatu’
1234 1349 1490 1424 quietam
1510 1390 1528 1419 ,

146 1444 350 1519 Quam
377 1458 444 1503 tu
475 1445 791 1523 antiquiu'‚
814 1442 994 1523 quam
1019 1446 1206 1503 facere
1229 1448 1345 1504 hoc
1366 1490 1384 1519 ,
1415 1446 1620 1505 fecisse
1641 1447 1879 1507 videris.

1030 1544 1058 1598 1
1077 1545 1105 1599 1
1121 1544 1168 1597 1.
1210 1615 1214 1621 ‚
1362 1534 1367 1538 “

151 1639 425 1708 Publiu’‚
458 1638 657 1715 parvu’
686 1637 833 1695 mihi
862 1637 1191 1696 Tuditanus
1212 1640 1484 1710 Quaestor
1503 1640 1674 1698 lbera

152 1739 226 1795 In
253 1750 411 1795 terra
436 1735 551 1793 fnit
577 1716 875 1813 lucifugas
903 1735 1125 1793 nebulo
1140 1778 1157 1806 ‚
1188 1735 1253 1793 id
1280 1739 1454 1814 genu'
1484 1756 1639 1795 sane.

1040 1835 1070 1888 Ι
1087 1835 1163 1889 V.

148 1930 577 1990 Naumachiam
606 1930 745 1987 licet
764 1930 889 1987 haec
908 1972 927 1999 ‚
957 1929 1237 2005 inquam,
1266 1929 1692 2010 alveolumque
1719 1943 1928 2011 putare
1947 1977 1964 2007 ‚
1996 1946 2053 1993 et

152 2029 396 2092 Calces:
427 2028 681 2085 delectes
708 2040 765 2085 te
786 2070 803 2098 ‚
836 2026 963 2084 hilo
995 2045 1118 2084 non
1144 2027 1355 2084 rectiu’
1384 2030 1562 2085 vivas.

1068 2126 1142 2180 V.

152 2228 308 2284 Nam
336 2221 541 2302 paucis
573 2220 749 2279 malle
776 2240 845 2278 ac
876 2221 1237 2301 sapientibus
1270 2226 1396 2280 'esse
1424 2222 1738 2301 probatum
1759 2268 1778 2298 ‚

155 2315 202 2378 fl
233 2327 394 2378 πᾶσιν
421 2323 643 2374 νεκύεσσι
673 2317 1107 2390 καταφθιμένοιο-ω’
1132 2321 1381 2375 ἀνάσσειν.

1044 2421 1100 2474 V
1118 2420 1165 2474 Ι.

162 2517 225 2576 Si
251 2515 406 2574 mihi
434 2534 555 2573 non
578 2518 799 2572 Praetor
823 2514 934 2571 siet
961 2513 1228 2585 addituS‚
1254 2528 1433 2593 atque
1455 2516 1634 2594 agitet
1655 2538 1750 2576 me
1767 2557 1790 2589 ‚

157 2619 295 2673 Non
325 2611 480 2671 male
505 2612 589 2670 sic
614 2611 717 2669 ille
736 2654 753 2682 ‚
784 2623 854 2668 ut
882 2609 1018 2668 dico
1035 2651 1052 2679 ‚
1078 2632 1174 2669 me
1204 2611 1542 2670 extenderat
1567 2631 1740 2670 unus.
1770 2643 1774 2653 ·

1030 2710 1086 2763 V
1101 2711 1129 2764 Ι
1148 2710 1197 2764 Ι.

158 2811 315 2866 Nam
344 2817 515 2863 vetus
538 2804 643 2862 ille
671 2807 815 2862 Cato
844 2803 1092 2882 dignum
1122 2825 1562 2884 quemcumque
1581 2805 1852 2865 lacessim

160 2903 486 2985 Appellare
507 2946 524 2974 ‚
550 2902 715 2980 quod
738 2902 863 2979 ipse
892 2902 1004 2960 sibi
1030 2922 1152 2961 non
1170 2904 1454 2966 ,conscius
1477 2915 1648 2961 esset.

164 3133 210 3164 x.
236 3111 445 3164 Nonius
465 3129 478 3158 ε
500 3109 673 3178 ‘Viscus
687 3144 704 3168 ‚
730 3111 961 3176 positum
980 3127 1074 3176 pro

90 3198 293 3244 viscere.
324 3192 492 3240 Idem:
517 3190 701 3255 Largi,
728 3207 821 3255 pro
846 3192 1038 3256 largire.
1123 3204 1127 3210 ·

158 3293 209 3324 2.
231 3273 461 3323 Nonius:
480 3271 727 3334 Antiquus
740 3281 790 3318 et
807 3271 1075 3334 antiquior,

92 3369 151 3406 ut
178 3355 379 3422 gradu,
410 3353 479 3400 ita
510 3363 559 3399 et
590 3352 853 3400 intellectu
879 3352 1077 3400 distant.

90 3441 215 3487 Nam
251 3433 492 3497 antiquus
510 3431 756 3498 significat
774 3443 919 3480 vetus
942 3450 955 3480 z
987 3449 1079 3480 an-

91 3517 280 3580 tiquior
292 3550 313 3572 ,
345 3511 534 3560 melior.

162 3599 214 3646 3,
244 3595 487 3645 Nouius:
522 3593 824 3651 Nebulones,
855 3599 905 3639 et
937 3603 1081 3640 tene·

92 3679 297 3726 briones
332 3674 453 3722 dicti
484 3686 604 3722 sunt
619 3709 634 3734 ,
661 3676 779 3739 quia
812 3673 1081 3722 mendaciis

93 3771 141 3807 et
166 3757 371 3807 astutiis
410 3756 514 3803 suis
547 3755 784 3802 nebulam
814 3753 1081 3818 qnamdam

95 3851 143 3887 et
162 3839 403 3887 tenebras
423 3835 691 3900 objiciant:
712 3847 803 3884 aut
818 3835 1003 3900 quibus
1018 3834 1084 3882 ad

96 3921 268 3985 fugam
298 3916 523 3982 fugitivis
550 3927 600 3964 et
621 3915 751 3964 furta
768 3950 784 3975 ,
811 3916 920 3964 haec
946 3925 1085 3964 eraut

96 3997 483 4048 accommodata
511 4007 559 4044 et
586 3997 745 4045 utilia.

168 4089 218 4137 4.
266 4077 553 4129 Priscianus
574 4111 589 4135 ,
624 4076 712 4126 lib.
754 4079 857 4128 VI:
885 4075 1081 4136 Hilum,

1153 3129 1247 3177 pro
1274 3113 1438 3162 ullum
1458 3112 1777 3161 vetustissimi
1796 3113 2133 3178 proferebant.

1229 3195 1274 3241 5.
1289 3195 1337 3242 N
1338 3209 1423 3240 ou.
1432 3193 1546 3240 Vid.
1559 3209 1696 3258 supr.
1705 3193 1793 3241 lib.
1803 3197 2072 3262 XI11,frag.
2086 3199 2136 3260 ἡ.

1226 3275 1295 3320 6..
1320 3272 1610 3324 Macrobius
1629 3307 1644 3334 ,
1677 3273 1766 3321 lib.
1799 3273 1902 3333 VI',
1933 3293 2039 3342 cap.
2075 3287 2135 3340 4,

1158 3353 1404 3404 saturnal.

1231 3448 1277 3492 7.
1294 3431 1574 3478 Priscianus
1586 3464 1601 3491 ,
1617 3430 1708 3478 lib.
1729 3433 1806 3481 X:
1827 3435 2042 3491 Lacesso,
2063 3434 2138 3480 la-

1159 3507 1322 3556 cessivi
1332 3523 1349 3554 .·
1377 3509 1450 3556 sic
1475 3507 1693 3568 Probus,
1712 3518 1760 3556 et
1781 3510 1982 3558 videtur
2009 3509 2137 3557 mihi

1160 3589 1341 3636 melius
1354 3589 1516 3636 dicere
1530 3589 1742 3636 lacessivi
1749 3624 1766 3646 ,
1785 3589 1936 3654 quam
1947 3589 2138 3638 lacessi.

1158 3669 1482 3731 Participium
1521 3669 1654 3715 euim
1691 3669 1942 3731 passivum
1982 3668 2140 3716 Iaces-

1159 3749 1289 3796 sicus.
1310 3750 1469 3812 Caper
1485 3758 1654 3795 tamen
1671 3746 1840 3794 lacessi
1858 3747 1980 3794 dicit
2001 3763 2108 3796 esse
2119 3783 2136 3808 ,

1161 3828 1435 3898 ntsacessi,
1459 3839 1507 3874 et
1525 3828 1717 3891 profert
1737 3827 2018 3890 exemplum
2039 3829 2140 3876 Lu.-

1162 3909 1281 3966 essii,
1292 3924 1395 3971 quo
1410 3924 1532 3954 usus
1545 3918 1619 3952 est
1631 3906 1689 3951 in
1703 3907 1838 3954 XIV:
1859 3907 1984 3954 Nam
1997 3920 2142 3956 vetus

1164 3989 1246 4038 ille
1283 3991 1401 4036 Cato
1438 3985 1672 4034 lacessisse
1709 3988 1977 4050 appellari,
2007 3988 2147 4054 quod

1164 4069 1378 4120 conscius
1405 4067 1501 4132 ipse
1527 4082 1625 4114 non
1653 4079 1764 4116 erac
1785 4068 1894 4140 sibi.
2037 4065 2056 4072 ”

1711 4154 1789 4218 18
