2775 4619
593 418 721 495 27'0
978 407 1054 469 C.
1114 403 1519 469 LUCILII
1569 391 2212 469 FRAGMENTA

1544 532 1573 586 1
1587 532 1660 588 V.

666 632 886 687 Praetor
908 638 1108 701 noster
1132 625 1327 685 adhuc
1355 622 1536 707 quam
1566 628 1802 705 spurcu’
1829 637 1884 684 st
1903 646 2007 685 ore
2021 668 2040 698 ‚
2067 626 2236 705 quod
2257 646 2474 689 omnes
2559 641 2585 657 ⁸·

666 728 843 783 Extra
866 736 1075 792 castra,
1104 736 1175 781 ut
1204 725 1442 794 stercu',
1473 724 1628 782 foras
1659 723 1830 803 ejecit
1857 724 1934 783 ad
1960 745 2170 783 unum.

732 873 743 881 ,
1566 824 1637 877 V.

646 917 953 997 ,Scipiadae
978 936 1189 995 magno
1217 916 1524 996 improbus
1551 916 1864 996 objiciebat
1890 918 2124 977 Asellus
2137 962 2158 991 ‚

668 1020 949 1075 Lustrum
970 1057 988 1086 ‚
1016 1015 1123 1073 illo
1150 1032 1396 1073 censore
1412 1056 1430 1085 ‚
1460 1015 1685 1073 malum
1713 1014 2038 1095 infelixque
2061 1016 2261 1075 fuisse.

668 1096 682 1107 ‘
1543 1116 1600 1171 v
1615 1116 1664 1169 1.
1743 1160 1752 1167 .

608 1254 611 1256 Α
680 1250 1935 1268 ...............................
1969 1212 2044 1267 Et
2059 1212 2184 1290 jam

669 1307 967 1386 Conjicere
992 1308 1055 1365 in
1078 1326 1281 1365 versus
1306 1306 1535 1367 dictum
1562 1308 1819 1388 praeconi
1832 1308 1846 1331 '
1866 1308 2136 1367 volebam

670 1402 872 1463 Grani.

1520 1506 1574 1560 V
1587 1504 1616 1558 I
1634 1504 1686 1559 1.

667 1600 1002 1657 Conventus
1026 1597 1275 1677 pulcher
1288 1639 1306 1669 ,
1330 1598 1520 1657 hracae
1543 1640 1562 1669 ,
1589 1617 1722 1677 saga
1736 1640 1754 1670 ,
1781 1597 2007 1678 fulgere
2031 1608 2277 1679 torques

668 1696 886 1775 Magni.

1495 1796 1549 1850 V
1561 1794 1591 1849 I
1611 1794 1640 1849 1
1659 1794 1708 1851 I.

680 1929 1812 1947 .............................
1844 1890 2136 1969 Viamque

666 1984 1051 2044 sternendam
1080 1996 1141 2042 et
1158 1982 1497 2064 jaciendum
1521 1984 1639 2043 huc
1666 2005 1932 2065 aggerem
1946 2029 1964 2060 ,
1991 1999 2054 2045 et
2073 1984 2136 2045 id
2156 1988 2330 2067 genu'
2355 1986 2569 2046 rudus,

1543 2085 1572 2141 I
1589 2086 1670 2140 X.

666 2183 869 2238 Annos
893 2176 991 2236 hic
1018 2190 1171 2236 errat
1188 2178 1309 2257 jam
1338 2177 1539 2259 plures
1565 2178 1734 2237 miles
1750 2222 1767 2249 ,
1795 2178 2059 2258 hyberna

666 2278 992 2339 Nobiscum
1022 2287 1229 2336 meret.

984 2455 994 2462 ·
1565 2377 1644 2434 X.

666 2471 813 2532 Inde
838 2473 997 2531 venit
1016 2473 1268 2530 Romam
1296 2483 1462 2530 tener
1483 2473 1610 2551 ipse
1638 2472 1814 2531 etiam
1841 2484 2016 2553 atque
2039 2473 2297 2552 puellus.
2403 2489 2414 2497 ·

1539 2572 1598 2627 Χ
1618 2571 1667 2628 1.

661 2669 783 2725 Nec
808 2665 956 2726 mihi
982 2677 1237 2724 amatore
1267 2665 1382 2724 hoc
1416 2669 1584 2746 opu'‚
1615 2687 1724 2726 nec
1749 2669 1972 2732 trienne
1996 2668 2229 2728 vadato.

1443 2768 1450 2774 '
1509 2767 1568 2823 X
1588 2768 1614 2820 Ι
1634 2767 1682 2821 Ι.

660 2863 793 2921 Non
810 2861 1048 2920 laudare
1065 2863 1369 2920 hominem
1392 2882 1772 2942 quemquam3
1789 2882 1983 2941 neque
2002 2884 2106 2921 mu
2123 2863 2311 2923 facere
2328 2885 2620 2944 unquam.

657 3076 709 3125 4.
737 3067 966 3117 Nonius:
994 3069 1257 3132 Spurcum,
1289 3065 1440 3115 etiam
1465 3065 1561 3114 foe-
1717 3083 1795 3115 10.
1828 3067 2135 3126 Priscianus,
2161 3065 2249 3116 lib.
2270 3067 2374 3116 v1·
2393 3068 2517 3117 Non
2547 3081 2624 3118 est

582 3146 760 3196 tidum.
1637 3155 1806 3194 tamen
1825 3147 2158 3211 ignorandum
2170 3181 2186 3207 ‚
2203 3146 2343 3212 quod
2364 3147 2514 3196 etiam
2530 3149 2624 3198 hio

658 3228 703 3275 5.
741 3229 803 3275 Α.
838 3226 1028 3276 Gellius
1047 3263 1062 3286 ,
1087 3227 1175 3274 lib.
1204 3231 1295 3287 1v,
1320 3243 1426 3294 cap.
1464 3243 1556 3290 17:
1633 3241 1843 3290 pucras,
1864 3227 1950 3274 hie
1986 3238 2038 3275 et
2068 3227 2178 3275 haec
2198 3243 2354 3291 puer,
2378 3229 2620 3278 vetustis-

582 3307 884 3374 objiciebat,
898 3324 927 3355 ο
938 3307 1099 3355 littera
1110 3307 1359 3371 producta
1375 3307 1560 3356 multoe
1635 3307 1749 3354 simi
1765 3307 2032 3370 protulisse
2045 3307 2378 3356 inveniuntur
2387 3341 2402 3367 ‚
2417 3319 2466 3356 et
2471 3309 2621 3373 puel-

576 3387 742 3454 legere
780 3387 965 3446 andi03
998 3388 1149 3452 idque
1180 3405 1243 3436 eo
1281 3387 1440 3436 facere
1473 3388 1555 3436 di·
1637 3387 1712 3435 lus
1736 3397 1786 3436 et
1802 3387 1990 3450 puella.

577 3479 735 3529 eunt,
758 3479 818 3516 nt
838 3468 969 3518 ratio
992 3469 1190 3516 numeri
1216 3467 1347 3516 salva
1368 3467 1447 3515 sit.
1709 3485 1731 3516 1
1746 3487 1789 3516 ι.
1815 3468 2040 3518 Nonius:
2071 3467 2226 3518 sticoe
2247 3479 2368 3518 sunt
2395 3469 2618 3534 impedi-

652 3549 701 3598 6.
730 3551 793 3598 A.
830 3547 1053 3608 Gellius,
1076 3549 1167 3596 lib.
1206 3551 1296 3606 IV,
1326 3565 1433 3612 cap.
1463 3564 1554 3608 17:
1631 3561 1798 3598 menta
1810 3549 2229 3614 etimplicationee
2242 3586 2259 3608 ,
2281 3561 2332 3598 et
2347 3550 2618 3610 intricare,

576 3631 643 3680 Iu
660 3630 761 3680 hoc
780 3630 945 3694 prim
962 3630 1105 3683 verbi
1124 3629 1416 3695 praepositio
1437 3644 1558 3693 pro-
1634 3629 1876 3695 impedire
1889 3663 1904 3688 ‚
1929 3629 2115 3678 morari
2139 3646 2152 3676 ε
2181 3629 2328 3678 dictae
2355 3631 2510 3694 quasi
2540 3641 2620 3678 te-

571 3711 797 3760 ducitur.
884 3699 889 3707 ’
1633 3713 1788 3769 ricae;
1821 3709 1963 3774 quod
1994 3709 2164 3773 pullos
2197 3709 2501 3774 gallinaceos
2535 3712 2622 3758 in·-

651 3807 699 3852 7.
725 3791 951 3842 Nonius:
972 3789 1173 3856 Fulget-e
1183 3825 1203 3848 ,
1224 3805 1319 3854 pro
1343 3786 1550 3854 fulgit-e.
1633 3789 1832 3836 volvant
1851 3798 1900 3835 et
1917 3786 2193 3852 impediant
2211 3785 2380 3851 capilli
2395 3787 2618 3852 pedibus

650 3872 699 3918 8.
728 3871 929 3922 Non-ius
944 3888 957 3920 ε
975 3869 1167 3928 Rudas,
1194 3879 1387 3918 stercus
1413 3869 1554 3938 quod
1629 3869 1888 3934 implicati.
2517 3929 2522 3932 Ι

582 3949 791 4000 raditur.
1709 3967 1732 3996 1
1742 3967 1792 3997 2.
1813 3949 2094 4014 Charisius,
2107 3948 2196 3998 lib.
2213 3951 2292 3998 11:
2313 3945 2618 4021 Musae-ere,

650 4045 704 4094 9.
732 4032 960 4083 Nonius:
980 4033 1166 4091 Meree,
1190 4031 1385 4084 militat.
1631 4045 1727 4096 pro
1747 4030 1950 4080 mutire.
2517 4067 2520 4070 -
