2775 4619
518 405 632 472 ,56
1054 403 1131 468 Α.
1182 401 1554 468 PERSII
1605 399 1991 470 FLACCI

632 527 955 594 Intendit:
986 529 1119 613 jam
1150 528 1381 592 crescit
1415 551 1602 617 ager,
1628 530 1760 614 jam
1793 530 2022 596 crescit
2055 529 2264 611 ovile,

630 645 775 708 Jam
798 627 1090 721 dabitur,
1113 643 1245 727 jam
1262 692 1280 724 ‚
1296 645 1430 729 jam
1454 667 1472 723 3
1497 642 1705 709 donec
1727 643 2037 732 deceptus
2057 691 2077 724 ‚
2105 661 2171 710 et
2197 664 2424 734 exspes
2444 691 2466 726 ,
2520 650 2590 706 ὄσ
2639 709 2648 726 ,
2684 684 2689 774 i

632 757 697 824 N
698 759 1085 846 equiequam
1110 757 1322 824 fundo
1348 760 1626 847 suspiret
1651 781 1959 824 nummus
1985 760 2053 824 in
2080 760 2234 825 imo.
2686 775 2692 864 1

634 873 705 938 Si
730 871 853 935 tibi
883 887 1193 936 crateri-as
1216 874 1498 961 argenti,
1525 872 1878 960 incusaque
1905 873 2136 963 pingui
2689 867 2693 930 ‘l

2693 966 2695 1010 ι

548 1065 621 1117 ob
634 1065 818 1116 oculos
834 1065 1029 1118 merito
1040 1065 1199 1136 ponit
1214 1063 1445 1117 Persius.
1461 1063 1520 1118 C.

548 1151 799 1198 -Farto.
823 1143 1000 1216 Hujus
1029 1145 1276 1196 meminit
1298 1143 1433 1196 Cato
1454 1143 1523 1196 de

1604 1089 1627 1111 ι
1652 1065 1751 1136 qui
1771 1063 1910 1118 rend
1931 1069 1960 1117 ὰ
1981 1064 2256 1120 merveille
2272 1065 2322 1118 la
2336 1065 2590 1120 maniere

1603 1169 1626 1191 ι
1648 1141 1784 1197 dont
1816 1145 1896 1198 les
1918 1143 2141 1200 viandes
2167 1163 2237 1198 ou
2269 1145 2442 1198 chairs
2475 1144 2587 1200 d’a·
2697 1154 2699 1186 ¹

548 1227 626 1278 Re
642 1227 793 1278 Rust.
818 1243 930 1297 cap.
951 1225 1237 1276 CXXXIV
1258 1243 1276 1276 ε
1302 1229 1518 1285 Veteres,
1605 1249 1627 1272 ι
1649 1226 1875 1278 nimaux
1887 1225 2369 1278 s’offraientsurles
2385 1225 2586 1278 autels:

547 1305 761 1376 inquit,
780 1304 1149 1374 struemfhrrtk,
1172 1305 1521 1370 tricieifhrrei,
1605 1330 1628 1352 ι
1654 1323 1730 1357 un
1758 1305 1822 1357 lit
1855 1303 1922 1358 de
1956 1305 2118 1378 petits
2151 1305 2343 1357 hatons
2361 1345 2376 1371 ,
2407 1325 2492 1358 urn
2519 1306 2585 1357 lit

534 1386 709 1454 subce,
727 1388 920 1436 seminis
935 1386 1161 1451 rapacei,
1180 1386 1323 1435 thure
1338 1397 1390 1436 et
1401 1387 1529 1435 vino
1609 1408 1634 1430 α
1655 1381 1724 1436 de
1761 1384 1959 1454 graisse
2003 1386 2212 1455 coupee
2231 1422 2248 1449 ‚
2294 1403 2371 1436 un
2411 1385 2478 1435 lit
2516 1382 2587 1436 de

548 1469 758 1525 additis,
780 1479 897 1516 ante
934 1483 1129 1515 messem
1151 1468 1441 1530 parabant,
1475 1467 1536 1517 im
1609 1489 1634 1510 α
1655 1465 1804 1516 chair
1834 1464 2228 1537 dechiquetce,
2253 1475 2307 1517 et
2345 1465 2480 1516 ainsi
2515 1463 2588 1516 de

540 1565 713 1612 porcae
740 1547 1071 1611 prceeidaneoe
1116 1547 1524 1604 immolationem,
1609 1569 1632 1593 ι
1653 1545 1814 1598 suite.
1834 1571 1856 1590 ι
1893 1559 1948 1598 et
1984 1546 2126 1599 infra
2165 1565 2359 1617 respon
2367 1545 2458 1598 det
2495 1543 2588 1596 ab·

550 1641 602 1676 ee
615 1631 761 1684 Ιαηο,
775 1629 881 1676 Iovi
896 1640 945 1675 ec
959 1627 1143 1676 Jncnom‘
1152 1627 1524 1696 sacrificabant,-
1603 1624 1716 1678 bati
1735 1631 1804 1676 Le
1827 1629 2058 1676 Monm'er
2080 1625 2339 1678 scribenti
2359 1644 2371 1676 ε
2385 1625 2586 1691 fartum

546 1724 667 1771 ,quae
720 1708 1012 1756 diversarum
1067 1723 1227 1763 ,rerum
1284 1707 1531 1772 congeries

550 1784 753 1836 fartum
772 1788 1040 1835 dicebatur.
1056 1782 1172 1835 Hoc
1188 1783 1324 1844 loco,
1340 1802 1530 1854 magna

550 1863 799 1916 lectionis
820 1864 1043 1916 varietas
1074 1870 1267 1916 ex'stat.
1292 1863 1532 1916 Dimidia

550 1962 677 2014 pars
694 1942 853 1996 codd.
866 1944 1189 2010 habetfareo,
1203 1943 1365 1996 altera
1366 1945 1530 2009 ferto,-

551 2022 703 2079 unde
722 2025 865 2089 inter
884 2024 1098 2076 criticos
1118 2041 1305 2094 magna
1325 2023 1527 2076 dissen-

554 2104 635 2155 tio
666 2122 678 2154 ε
708 2105 809 2156 „alii
842 2103 989 2156 inter
1028 2121 1169 2174 quos
1207 2115 1317 2157 vet.
1354 2103 1524 2156 schol.

549 2181 893 2234 Britannicus
908 2221 925 2246 ‚
946 2182 1296 2234 Casauhonus
1307 2219 1322 2243 ,
1340 2182 1530 2234 Schre-

552 2261 729 2315 velius
748 2297 767 2327 ,
799 2274 905 2315 etc.
944 2260 1132 2332 legunt
1152 2263 1322 2328 serto,
1353 2272 1406 2330 et
1445 2262 1528 2314 in-

552 2354 925 2411 terpretantur
942 2341 1266 2395 sacrificium
1286 2341 1532 2394 oblatum

556 2438 627 2471 ex
640 2438 700 2471 re
720 2407 983 2490 qualibet,
1000 2438 1029 2471 a
1046 2420 1283 2488 jer-endo.
1306 2420 1494 2474 Festus
1513 2440 1528 2473 t

552 2504 751 2551 Fertum
779 2537 795 2559 ‚
829 2518 983 2567 genus
1020 2501 1111 2551 libi
1141 2503 1321 2555 dictum
1347 2538 1364 2562 ,
1399 2505 1537 2569 quod

554 2581 773 2629 crebrius
788 2582 863 2629 ad
876 2580 1305 2645 sacrafhrebatur,
1323 2600 1414 2631 nec
1429 2584 1532 2631 sine

538 2662 685 2709 'strue
700 2694 717 2717 ,
748 2661 906 2708 altero
928 2677 1107 2725 genere
1130 2662 1219 2711 libi
1230 2698 1247 2719 ,
1275 2680 1390 2726 quoe
1404 2698 1420 2720 ,
1445 2662 1536 2728 qui

540 2738 841 2804 afferebant
848 2775 867 2797 ‚
882 2739 1211 2805 struefertarii
1220 2743 1426 2791 diceban
1431 2756 1528 2791 tur.

554 2818 691 2881 Alii,
712 2817 855 2871 inter
878 2836 1015 2888 quos
1034 2820 1284 2873 Luhinus
1298 2860 1313 2885 ‚
1332 2822 1533 2873 ,lohan-

552 2916 652 2951 nes
674 2898 915 2951 Bondius
928 2936 946 2963 ,
961 2900 1137 2953 David
1149 2900 1532 2955 Wedderbur-

556 2996 661 3030 nus
690 3016 706 3043 ‚
741 2994 796 3033 et
832 2980 1097 3051 interpres
1134 2981 1370 3034 Gallicus
1410 2983 1534 3033 Se'lis

460 3082 467 3087 ·
556 3058 897 3128 leguntfarto
910 3096 928 3119 ,
954 3070 1009 3111 et
1033 3061 1327 3131 appellant,
1346 3080 1417 3113 ex
1438 3062 1533 3113 Ca-

560 3147 687 3188 tone
708 3154 869 3207 supra
896 3138 1060 3191 citato
1075 3142 1303 3207 ‚fartum
1317 3180 1336 3202 ,
1356 3142 1532 3194 varia·

556 3234 683 3267 rum
722 3234 906 3268 rerum
946 3221 1270 3291 congeriem.
1312 3222 1532 3285 Quibus

556 3296 846 3349 assentitur
866 3302 1101 3360 Dideroc,
1128 3300 1186 3352 in
1214 3302 1325 3353 suis
1356 3320 1534 3355 emen-

558 3374 870 3429 dationibus
888 3415 904 3442 ,
936 3379 1091 3433 aliter
1130 3392 1309 3433 tamen
1334 3383 1536 3448 fartum

552 3455 831 3525 explicans
848 3494 864 3520 ‚
889 3471 943 3510 et
963 3457 1148 3513 dicens
1168 3480 1181 3512 ε
1206 3486 1229 3506 ι
1248 3460 1536 3527 C’estfarto

528 3560 534 3569 ·
563 3559 585 3581 ι
607 3554 753 3605 pour
765 3537 933 3600 fat-cto
968 3540 1100 3609 qu'il
1136 3541 1251 3593 faut
1272 3560 1285 3591 ε
1301 3541 1533 3606 sarcire,

562 3615 809 3679 «fartum,
818 3616 1010 3682 fartor,
1030 3620 1121 3683 qui
1119 3619 1400 3683 far-cimina
1397 3620 1538 3685 facie

562 3719 585 3741 ι
608 3714 672 3745 ex
688 3710 819 3747 secta
831 3716 981 3751 came
994 3712 1043 3749 et
1054 3701 1213 3765 adipe.
1227 3699 1406 3769 Opera
1412 3700 1528 3754 tion

1607 1707 1795 1776 signifie
1816 1725 1882 1756 un
1903 1709 2125 1773 melange
2143 1710 2206 1757 de
2225 1708 2322 1755 bles
2335 1743 2351 1764 ‚
2373 1709 2435 1754 de
2448 1706 2587 1772 grai·

1608 1801 1691 1832 nes
1703 1820 1719 1842 ‚
1743 1786 1803 1832 de
1823 1785 2033 1850 legumes
2047 1819 2062 1841 ,
2087 1787 2150 1844 de
2179 1786 2272 1832 vin
2288 1819 2304 1840 ,
2325 1784 2556 1831 d'encens
2566 1816 2586 1838 ‚

1609 1875 1703 1913 etc.
1738 1886 1759 1906 ι
1781 1861 1906 1912 Cela
1927 1861 2060 1913 n'est
2083 1879 2175 1932 pas
2199 1861 2309 1913 vrai
2331 1880 2348 1924 ς
2371 1862 2587 1926 cai-far·

1616 1965 1639 1987 ι
1662 1954 1762 1991 tam
1779 1958 1850 1991 ne
1863 1941 2014 1993 vient
2034 1959 2127 2011 pas
2147 1939 2216 1998 de
2222 1940 2350 2006 far,
2372 1941 2503 1992 mais
2519 1937 2586 1990 de

1611 2022 1839 2086 «farcire
1852 2057 1871 2080 ,
1891 2023 2088 2087 fartum
2104 2043 2126 2079 ,-
2155 2020 2296 2072 alors
2333 2020 2374 2070 il
2413 2037 2469 2071 se
2505 2017 2588 2070 dit

1611 2125 1636 2148 κ
1654 2099 1750 2154 des
1781 2101 1953 2153 chaire
1987 2113 2042 2153 et
2082 2098 2150 2152 de
2183 2100 2234 2150 la
2268 2100 2497 2170 graisse‚
2531 2109 2588 2150 et

1611 2206 1634 2228 ι
1657 2181 1696 2232 il
1729 2193 1809 2234 est
1841 2199 2045 2252 propre
2077 2199 2178 2232 aux
2217 2179 2482 2233 sacrifices
2520 2180 2588 2234 de

1611 2261 1814 2315 «chair.
1839 2286 1862 2307 ι
1888 2262 2000 2314 Nos
2023 2273 2234 2327 autem,
2267 2260 2368 2315 etsi
2398 2261 2588 2314 Festus

1611 2342 1794 2393 scribit
1821 2343 2013 2409 fixrtum
2051 2345 2072 2411 (
2093 2360 2253 2413 quam
2294 2342 2586 2395 lectionem

1611 2434 1922 2492 corruptam
1973 2421 2134 2473 fuisse
2171 2421 2544 2492 suspicamur)
2567 2458 2584 2487 ‚

1609 2499 1950 2571 proetulimus
1965 2501 2162 2565 fartum
2182 2518 2200 2548 :
2229 2516 2358 2550 nam
2382 2511 2588 2551 veteres

1611 2596 1852 2649 unquam
1871 2578 2070 2631 dixisse
2075 2580 2266 2646 fer-trem
2285 2617 2302 2638 ,
2317 2579 2588 2645 afer-endo,

1609 2659 1806 2711 merito
1823 2660 1882 2709 in
1902 2657 2136 2711 dubium
2157 2657 2504 2711 adducimus.
2523 2660 2587 2710 A.

1683 2745 1767 2805 49.
1783 2743 1896 2789 Iam
1911 2742 2084 2789 erescit
2093 2756 2218 2807 ager
2229 2776 2244 2796 ,
2263 2742 2378 2806 eta]
2395 2738 2589 2809 Inquit

1611 2836 1802 2874 avarus
1822 2819 2036 2871 sibimet
2061 2816 2321 2870 illudens.
2361 2818 2427 2869 P.

1683 2899 1770 2952 50.
1791 2906 1902 2951 Jam
1921 2902 2146 2959 dabitur,
2157 2902 2271 2967 jam
2284 2937 2299 2959 ,
2311 2901 2470 2967 jam-J
2493 2900 2592 2951 Le-

1608 2977 1741 3051 pide
1771 2994 1826 3033 et
1863 2992 1988 3051 apte
2029 2980 2298 3050 repetitur
2323 2981 2439 3047 jam
2469 3015 2486 3039 ,
2522 2977 2591 3031 ad

1611 3060 1906 3113 notandam
1959 3057 2294 3130 cupidissimi
2351 3057 2592 3110 hominis

1609 3154 1879 3193 naturam.
1919 3142 1987 3193 L.

1687 3222 1773 3274 51.
1821 3223 2167 3287 Nequicquam
2204 3220 2376 3286 fundo
2393 3257 2412 3279 ,
2449 3235 2546 3273 etc.
2571 3224 2590 3289 ]

1612 3297 1809 3353 Audax
1821 3300 2132 3371 metaphora
2151 3300 2218 3351 ab
2233 3299 2561 3353 animalibus
2576 3318 2592 3351 t

1617 3381 1768 3452 quasi
1801 3399 2060 3432 nummus
2107 3379 2333 3432 ultimus
2371 3380 2594 3433 relictus

1613 3461 1673 3513 in
1691 3478 1962 3513 crumenae
1981 3460 2178 3524 funde,
2195 3474 2250 3513 et
2261 3479 2292 3511 a
2305 3460 2466 3513 sociis
2481 3460 2595 3513 des-

1614 3541 1810 3593 titutus
1827 3577 1844 3604 ,
1867 3541 2060 3593 timore
2097 3540 2263 3597 simul
2303 3556 2365 3591 ac
2403 3538 2596 3593 dolore

1608 3624 1828 3687 suspiret.
1869 3622 1933 3673 L.

1682 3702 1770 3755 52.
1799 3707 2074 3767 lucumque
2101 3702 2313 3769 pingui,
2335 3704 2456 3769 eea]
2491 3700 2596 3755 Hic
2676 3720 2680 3725 ·

624 3856 695 3903 V.
732 3856 817 3903 52.
852 3856 1118 3905 Craterras.
1153 3880 1175 3901 ι
1196 3861 1297 3918 Ita,
1324 3859 1494 3924 inquit
1527 3860 1736 3911 Casaub.
1773 3860 2003 3908 scribunt
2036 3860 2238 3919 Latini,
2272 3870 2324 3907 et
2359 3860 2590 3911 formant

596 3946 850 3991 crater-ra,
874 3946 1124 3994 crater-ree,
1150 3939 1341 3987 Dicunt
1368 3950 1418 3987 et
1444 3952 1606 3988 crater
1630 3958 1746 3989 cum
1775 3943 1992 3998 Graecis;
2019 3942 2160 4005 quod
2187 3940 2310 3988 huic
2335 3942 2452 3989 loco
2483 3958 2589 3990 non

558 4034 579 4057 α
598 4015 851 4065 convenit.
866 4034 885 4062 n
908 4017 1097 4066 Omnes
1107 4019 1278 4090 *nostri
1295 4020 1444 4070 codd.
1461 4036 1634 4071 omnes
1654 4021 1794 4071 editt.
1814 4021 1992 4088 prisca
2014 4032 2066 4071 et
2085 4020 2388 4071 recentiores
2405 4020 2596 4071 habent
