2775 4619
56 527 2116 552 mssmnvmmmmmmmV-SMMMMMQWM

396 632 995 795 snm-E
1074 704 1814 806 SECUNDAE

677 937 1538 1020 ARGUMENTUM.

174 1175 437 1212 cantv?
477 1173 840 1208 Avanl’rlnt
877 1172 1047 1206 MADA
1078 1172 1243 1206 VOTA
1273 1162 1656 1217 Pnzc’tsqun
1689 1175 2010 1208 sncuxnss.

150 1305 333 1362 Idem
354 1321 605 1381 prorsus
628 1311 715 1357 est
738 1299 922 1356 satirae
950 1297 1129 1377 hujus
1155 1309 1332 1375 atque
1354 1301 1389 1354 J
1392 1298 1664 1381 uvenalis·
1681 1288 1925 1358 decimae
1947 1321 2128 1379 argu-

74 1423 376 1469 mentum.
402 1414 669 1485 Uterque
694 1409 867 1484 poeta
894 1403 1372 1463 luculentissimis
1391 1405 1655 1463 versibus
1676 1406 1848 1464 nobis
1875 1408 2132 1465 ostendit

78 1538 215 1596 quae
248 1516 439 1574 fuerit
480 1513 805 1592 proborum
842 1512 1109 1569 omnium
1144 1511 1508 1589 antiquitatis
1530 1513 1792 1570 virorum
1824 1513 2026 1590 opinio
2054 1515 2130 1572 de

80 1626 312 1684 ratione
358 1642 430 1680 ac
476 1621 655 1678 modo
701 1625 964 1678 Deorum
1012 1619 1438 1696 precandorum
1460 1640 1477 1690 ;
1516 1629 1575 1677 e't
1623 1641 1690 1678 ea
1733 1641 1973 1700 quoque
2017 1622 2132 1702 fuit

81 1730 563 1789 Christianorum
590 1727 740 1805 (vid.
772 1727 1111 1784 Orationem
1140 1725 1584 1804 Dominicam.);
1614 1740 1866 1806 uterque
1895 1742 2131 1807 peccata

84 1850 143 1894 et
172 1855 409 1894 errores
435 1857 471 1892 a
495 1833 676 1911 vulgo
703 1833 1013 1890 hominum
1040 1834 1101 1890 in
1134 1809 1355 1890 orando
1386 1835 1678 1890 committi
1707 1835 1909 1891 solitos
1935 1835 2132 1891 redar-

85 1945 253 2020 guit3
288 1941 397 1998 sed
430 1941 625 1997 Persio
662 1939 897 2017 propria
936 1937 1067 1996 laus
1110 1951 1229 2010 est,
1269 1938 1435 2015 quod
1475 1941 1840 2017 paucissimis
1869 1940 2131 1997 versibus

88 2050 266 2126 plura
304 2048 498 2125 capita
542 2047 821 2104 doctrinae
846 2045 1043 2124 -hujus
1063 2087 1079 2114 ‚
1115 2064 1293 2122 quam
1319 2029 1428 2101 'vel
1475 2043 1639 2102 Plato
1659 2088 1675 2114 ‚
1701 2045 1794 2102 vel
1835 2044 2132 2102 Juvenalis

89 2169 173 2213 est
201 2153 593 2230 complexus3
625 2153 730 2210 etsi
758 2150 1148 2230 philosophus
1170 2139 1434 2228 Aquinas
1461 2147 1690 2207 summai
1716 2161 1840 2208 arte
1864 2149 2132 2208 homines

88 2283 121 2321 a
158 2263 323 2321 votis
367 2260 710 2340 peragendis
756 2259 1009 2318 deterret
1050 2278 1169 2317 suae
1208 2259 1476 2337 ipsorum
1515 2257 1782 2316 utilitatis
1821 2272 2090 2337 respectu
2112 2300 2130 2328 ‚

89 2370 321 2427 scilicet
342 2366 627 2445 exemplis
657 2365 965 2445 aptissimis
995 2379 1053 2423 et
1079 2378 1275 2444 aperte
1306 2366 1444 2423 satis
1477 2366 1813 2443 periculum
1837 2380 2014 2444 atque
2040 2367 2136 2423 in·-

93 2476 319 2533 saniam
362 2485 642 2530 votorum
693 2470 1138 2529 declarantibus·
1190 2476 1332 2531 Tres
1383 2484 1581 2529 autem
1604 2465 1606 2467 ’
1631 2473 1811 2530 Persii
1864 2472 2136 2553 carminis

92 2595 291 2659 partes
326 2590 481 2637 sunt.
527 2604 551 2631 α
571 2577 795 2647 Prima,
833 2577 1026 2654 inquit
1068 2577 1478 2647 CasaubonuS,
1519 2589 1679 2635 extra
1712 2599 1838 2635 rem
1875 2590 1994 2647 est,
2026 2577 2136 2635 soli

98 2714 121 2738 «ι
146 2686 353 2744 decori
386 2684 640 2741 serviens
658 2728 674 2753 ‚
698 2683 953 2760 ideoque
982 2682 1318 2740 brevissima
1338 2727 1355 2755 ‚
1385 2694 1446 2739 et
1473 2696 1738 2766 quatuor⁸
1753 2695 1984 2741 tantum
2005 2704 2136 2741 ver-

100 2818 125 2844 «
145 2813 325 2849 suum
344 2836 362 2861 ‚
393 2789 613 2868 quibus
640 2801 875 2867 paratur
904 2789 1098 2846 aditus
1125 2790 1198 2845 ad
1216 2790 1632 2847 ‚tractationem
1661 2786 1974 2867 propositae
2000 2788 2136 2846 the-

100 2924 123 2949 «
145 2918 277 2955 seos
300 2898 368 2974 (1
389 2929 471 2941 -
488 2895 574 2971 lp).
603 2895 932 2951 Macrinum
960 2894 1120 2951 enim
1143 2894 1490 2952 familiarem
1513 2914 1687 2951 suum
1711 2894 1912 2951 laudat
1928 2936 1945 2963 ,
1972 2894 2138 2971 quod

101 3030 125 3055 α
146 3004 451 3061 scientiam
480 3002 630 3059 bene
656 3000 891 3072 orandi,
924 3021 989 3057 ac
1016 3013 1151 3058 vota
1180 3000 1429 3057 faciendi
1458 3012 1682 3059 teneret
1703 3043 1720 3071 ‚
1753 3020 1946 3077 neque
1976 2999 2140 3077 vulgi

104 3136 127 3162 α
146 3110 449 3168 erroribus
486 3108 593 3166 hac
621 3110 682 3166 in
711 3129 773 3166 re
804 3107 1219 3187 implicaretur.
1257 3107 1309 3163 Ii
1345 3106 1683 3186 cujusmodi
1717 3106 1833 3164 sint
1860 3106 2138 3184 deinceps
2193 3143 2197 3145 -

102 3243 125 3269 «ι
150 3216 482 3295 explicatur
522 3214 775 3291 (5-30
792 3216 833 3292 ).
872 3213 1143 3273 Secunda
1186 3214 1365 3293 igitur
1407 3226 1570 3293 parte
1616 3213 1688 3271 de
1735 3214 1806 3270 iis
1844 3215 2138 3293 praecipue

102 3349 127 3375 κ
146 3336 357 3381 tractat
374 3367 390 3393 ,
418 3322 523 3399 qui
555 3322 616 3379 in
641 3335 917 3379 votorum
944 3322 1182 3379 materia
1218 3334 1561 3400 peccarent3
1597 3321 1968 3400 ostenditque
1994 3321 2140 3379 alios

102 3454 126 3480 ιι
145 3449 238 3486 res
270 3429 486 3505 impias
515 3446 549 3483 a
575 3428 701 3483 Diis
728 3439 929 3505 petere
956 3428 1159 3485 solitos
1180 3471 1197 3498 ‚
1227 3448 1377 3505 quos
1409 3427 1653 3505 quidem
1680 3428 2014 3511 grayissime
2041 3430 2139 3485 in-

104 3560 127 3585 ·
149 3548 386 3613 crepat:
416 3534 562 3592 alios
600 3554 722 3592 non
756 3535 937 3612 impia
977 3534 1219 3612 quidem
1254 3537 1412 3592 Deos
1454 3555 1730 3613 poscere,
1758 3514 1861 3593 sed
1897 3535 2137 3599 frivola,

103 3666 127 3691 n
146 3642 287 3719 ipsis
307 3661 465 3718 saepe
484 3642 863 3717 poscentibus
879 3661 1000 3698 non
1018 3642 1325 3718 profutura
1347 3641 1565 3719 (immo
1583 3642 1849 3699 nocitura
1863 3686 1880 3711 ‚
1901 3653 1969 3697 ut
1985 3652 2157 3697 recte·

104 3783 127 3804 ι
149 3766 213 3804 ac
234 3748 428 3804 fusius
454 3747 723 3822 probavit
740 3750 773 3803 J
774 3746 1036 3803 uvenalis
1049 3745 1103 3823 );
1125 3759 1301 3825 atque
1324 3749 1573 3805 istorum
1595 3761 1875 3826 praeterea
1894 3746 2142 3823 ineptias

102 3878 129 3904 ιι
149 3854 333 3931 tangit
352 3898 367 3923 ‚
405 3866 467 3910 et
507 3854 659 3909 ritus
700 3853 763 3910 in
803 3833 1076 3930 precibus
1132 3854 1536 3931 concipiendis
1576 3852 2045 3932 superstiti0505‚
2084 3865 2145 3909 et

105 3984 135 4009 ι
152 3959 415 4017 irrisione
445 3957 673 4016 satirica
698 3958 1067 4036 dignissimos
1096 3960 1203 4036 (31
1222 3992 1303 4004 —-
1320 3969 1392 4029 44
1409 3960 1468 4037 >3
1493 3972 1792 4038 postremo
1822 3959 2142 4038 pugnantia

106 4066 259 4127 «sibi
296 4068 560 4127 invicem
600 4065 888 4124 contraria
928 4064 1237 4125 hominum
1281 4078 1420 4125 vota
1456 4065 1704 4143 exagitat
1731 4064 2021 4143 (45-51
2043 4064 2085 4141 ).
2117 4091 2142 4117 »
