2775 4619
616 424 730 493 IN
782 422 1131 491 PERSII
1186 422 1644 489 SATIRAM
1681 422 1805 487 v1.
2101 448 2222 515 197

142 546 255 629 ubi„
278 548 561 609 Virbius
586 550 807 609 colitur
821 596 839 623 ‚
864 550 925 607 id
952 562 1039 607 est
1060 548 1421 629 Hippolytus
1439 590 1458 619 ,
1481 548 1646 625 quod
1673 548 1764 606 his
1791 548 1853 605 in
1875 546 2052 607 vitam
2075 568 2226 627 pro-

142 643 311 702 latus
342 646 463 704 sit.
495 648 651 707 Nota
674 659 873 705 autem
898 644 1060 724 apud
1084 644 1398 723 Virgilium
1425 643 1628 701 fabula
1652 655 1756 701 est.

216 760 411 819 Ihid.
450 763 782 832 Manm'us.]
798 760 1105 819 Mannium
1132 760 1273 818 dicit
1296 760 1624 819 deformem
1650 772 1709 817 et
1736 760 2004 838 ignotum
2029 760 2226 819 homi-

140 874 286 913 nem
304 900 327 927 ‚
356 878 449 916 eo
484 857 653 937 quod
696 857 909 942 Manias
932 856 1059 935 (62)
1100 856 1381 917 dicuntur
1409 856 1674 951 indecori
1696 856 1898 915 vultus
1930 878 2222 936 personae,

142 952 395 1030 quibus
431 954 605 1032 pueri
628 965 940 1013 terrentur.
1189 1025 1197 1033 ‚

220 1070 308 1125 V.
364 1069 476 1127 61.
522 1070 641 1142 Qui
654 1072 832 1145 prior
868 1088 964 1140 es,
998 1088 1103 1125 cur
1138 1074 1275 1139 me.]
1316 1068 1500 1147 Apud
1525 1068 1784 1127 Athenas
1810 1066 1949 1127 cum
1981 1070 2228 1149 juvenes

140 1164 341 1223 ludos
374 1186 567 1223 cursu
601 1164 975 1223 celebrabant
994 1208 1011 1237 ‚
1041 1165 1147 1245 qui
1178 1166 1367 1223 victor
1405 1178 1555 1223 esset
1571 1208 1588 1239 ‚
1621 1166 1847 1245 primus
1882 1165 2070 1224 facem
2111 1166 2229 1225 tol-

144 1260 325 1322 lebat
352 1284 371 1315 τ
412 1262 629 1321 deinde
656 1262 927 1341 sequenti
948 1282 1009 1321 se
1024 1266 1051 1293 ²*
1077 1262 1341 1321 tradebat
1358 1305 1375 1333 ,
1403 1275 1463 1321 et
1489 1263 1782 1321 secundus
1811 1264 1984 1321 tertio
2009 1284 2023 1319 ε
2057 1262 2227 1321 simi-

148 1358 296 1416 liter
330 1378 586 1430 omnes,
616 1358 807 1417 donec
836 1359 1203 1417 currentium
1232 1379 1516 1417 numerus
1541 1359 1905 1437 impleretur.

226 1468 313 1523 V.
370 1466 477 1540 67.
512 1466 756 1521 Fertor-is
790 1466 1042 1521 accedat
1070 1471 1339 1537 merces.]
1382 1468 1660 1524 Tractum
1696 1476 1784 1522 est
1818 1464 1933 1523 hoc
1967 1484 2001 1521 a
2036 1466 2226 1543 patri-

148 1562 273 1619 bus
296 1562 369 1639 (2
380 1562 469 1639 7),
489 1560 596 1641 qui
620 1560 827 1619 dicunt
849 1560 986 1619 filiis
1018 1561 1167 1632 suis;
1194 1560 1307 1620 hoc
1324 1604 1342 1633 ‚
1368 1561 1533 1641 quod
1556 1560 1724 1619 vohis
1751 1560 1902 1619 lucri
1926 1560 2002 1617 de
2022 1559 2226 1621 fenore

155 1660 425 1719 accessit
446 1704 465 1731 ,
498 1659 574 1717 ad
613 1658 908 1730 fructum,
942 1658 1005 1717 id
1048 1672 1135 1719 est
1154 1704 1172 1731 ,
1212 1659 1288 1719 ad
1323 1679 1502 1717 usum
1536 1660 1668 1719 vitae
1708 1659 1876 1719 vobis
1917 1658 2185 1739 proficiat
2205 1681 2222 1715 ε

158 1756 488 1835 reliquum
514 1776 655 1815 vero
679 1756 944 1836 pecuniae
967 1769 1255 1817 reservate
1276 1757 1593 1835 integrum.

233 1866 321 1929 V..
370 1884 471 1938 77.
528 1865 921 1939 Cappadocas
968 1863 1207 1942 rzffida]
1254 1863 1620 1934 Gladiatores
1668 1864 1828 1922 dicit.
1873 1867 2022 1922 Nam
2062 1862 2225 1942 apud

154 1961 454 2038 antiquos
480 2004 498 2033 ‚
536 1960 773 2019 ³venales
822 1960 1173 2041 gladiatores
1219 1961 1283 2019 in
1329 1974 1542 2020 catasta
1595 1960 1966 2039 ponebantur
1989 2003 2006 2031 ,
2043 1972 2114 2018 ut
2159 1960 2225 2019 in

159 2056 247 2113 eis
290 2068 547 2135 possent
583 2058 781 2116 omnia
813 2057 1079 2117 membra
1114 2056 1342 2137 inspici.
1373 2056 1487 2115 Vel
1530 2058 1670 2135 quia
1707 2056 2088 2135 Cappadoces
2126 2056 2224 2113 di-

158 2171 451 2217 cerentur
488 2156 702 2239 hahere
744 2156 1009 2216 studium
1046 2156 1310 2217 naturale
1349 2158 1426 2217 ad
1469 2157 1612 2217 falsa
1650 2158 1982 2215 testimonia
2023 2148 2224 2235 profe-

160 2254 355 2314 reuda
374 2277 389 2312 :
419 2254 525 2334 qui
546 2254 753 2314 nutriti
774 2254 837 2314 in
859 2256 1165 2338 tormentis
1186 2276 1220 2314 a
1241 2255 1492 2336 pueritia
1505 2298 1522 2328 ‚
1547 2256 1872 2335 equuleum
1895 2254 2006 2313 sibi
2031 2254 2221 2314 facere

164 2350 490 2426 dicuntur,
512 2365 583 2409 ut
608 2352 671 2410 in
700 2371 771 2410 eo
799 2372 861 2410 se
889 2352 1141 2412 invicem
1168 2333 1522 2431 torqueant,
1551 2365 1613 2411 et
1639 2351 1777 2411 cum
1803 2353 1866 2411 in
1891 2372 2064 2432 poena
2086 2371 2222 2430 per-

166 2447 458 2508 durarent
472 2493 489 2520 ,
512 2449 589 2507 ad
616 2449 758 2506 salsa
784 2450 1119 2508 testimonia
1147 2469 1209 2508 se
1234 2450 1387 2509 hene
1412 2451 1834 2509 venundarent.
2093 2444 2099 2452 ’

241 2556 408 2614 Ibid.
432 2557 713 2626 Favisse]
743 2556 987 2636 Legitur
1004 2568 1064 2614 et
1079 2559 1371 2632 plausis-se
1394 2578 1414 2612 .·
1445 2557 1728 2636 quoniam
1751 2554 1984 2614 venales
2005 2599 2022 2626 ‚
2055 2568 2222 2613 ante-

166 2673 354 2730 quam
394 2653 458 2712 iu
491 2665 705 2712 catasta
738 2653 1117 2732 imponantur
1140 2695 1159 2724 ‚
1196 2665 1429 2711 cantant
1464 2653 1721 2712 universi
1755 2653 1970 2732 pariter
1995 2696 2016 2722 2
2053 2672 2220 2712 more

164 2752 363 2828 gentis
394 2771 535 2809 suae.

243 2861 325 2916 V.
360 2858 458 2916 80.
488 2863 791 2929 Inventus,
828 2854 1191 2934 Chrys-imvm]
1224 2858 1588 2938 Chrysippus
1604 2901 1622 2930 ‚
1654 2855 2047 2936 philosophus
2071 2855 2217 2913 stoi-

168 2973 274 3013 cus
291 2998 311 3027 ‚
349 2955 762 3034 syllogismum
804 2959 1009 3029 σωρίτην
1052 2954 1283 3014 vocavit
1308 2999 1325 3026 ‚
1365 2975 1546 3033 quem
1586 2974 1694 3033 per
1733 2953 2123 3031 adjectionem
2157 2964 2220 3042 et

170 3051 600 3142 detractionem
626 3073 699 3132 ex
730 3055 923 3114 acervi
951 3052 1321 3127 frumentarii
1349 3051 1737 3112 similitudine
1764 3049 2035 3110 ostendit.

409 3469 633 3527 anus
672 3445 1412 3527 ,varranycouunn’n
1457 3472 1544 3514 m
1589 3471 1976 3516 rausum.
2033 3513 2039 3518 .

1481 3648 1501 3699 Ι
