2775 4619
666 380 801 449 EX
852 374 1170 447 LIBRO
1198 386 1203 393 '
1232 380 1293 445 V
1348 382 1707 455 SATIR..

1178 566 1456 585 mm
2181 574 2194 603 ’

474 702 619 770 Ex
680 701 1013 771 LIBRO
1067 656 1134 771 v
1190 642 1858 773 sATluARUM.

1148 877 1198 933 Ι.

226 978 365 1047 Quo
396 994 494 1033 me
524 973 775 1033 habeam
802 984 973 1053 pacto
992 1016 1009 1045 ‚
1038 984 1234 1031 tamen
1262 972 1371 1033 etsi
1398 973 1563 1031 haud
1591 974 1796 1053 quaeri’
1827 974 2076 1035 docebo.
2101 1002 2106 1009 ·

222 1072 479 1145 Quando
506 1072 570 1130 in
592 1092 663 1131 eo
688 1068 939 1131 ⁴numero
972 1070 1187 1129 munsti
1205 1113 1220 1140 ‚
1247 1089 1371 1149 quo
1399 1070 1654 1129 maxima
1681 1092 1841 1130 nunc
1869 1086 1961 1131 est

226 1174 365 1229 Pars
388 1170 701 1229 hominum
719 1214 737 1241 ‚
766 1183 835 1228 ut
860 1167 1100 1247 periisse
1124 1166 1269 1227 velis
1284 1210 1301 1238 ‚
1328 1188 1514 1246 quem
1542 1168 1832 1241 nolueris,
1857 1170 1999 1227 cum

227 1270 433 1326 Visere
462 1268 756 1325 debueris.
788 1270 917 1324 Hoc
946 1264 1207 1324 nolueris
1224 1308 1240 1335 ‚
1267 1277 1327 1322 et
1355 1264 1630 1323 debueris
1654 1276 1712 1322 te

228 1364 292 1423 Si
318 1365 507 1423 minu'
536 1364 823 1435 delectat,
854 1362 1021 1442 quod
1051 1365 1252 1433 ἄτεχνον
1282 1362 1608 1436 Isocrqdon
1631 1374 1722 1420 est

228 1455 647 1541 ὀχλήρῶὸεςφιε
676 1461 856 1521 simul
890 1474 1084 1521 totum
1110 1481 1177 1521 ac
1210 1455 1672 1535 συμμειρακιῶὃεςὸ
1750 1454 1753 1457 ’

228 1566 360 1622 Non
383 1571 627 1641 operam
650 1562 859 1642 pei-dn.
886 1561 949 1628 si
976 1573 1043 1619 tu
1066 1560 1190 1619 hic.
1228 1612 1234 1625 ‚

1120 1659 1149 1714 1
1166 1660 1213 1715 1.

229 1758 381 1815 Nam
410 1757 490 1827 si,
519 1755 683 1833 quod
710 1755 847 1813 satis
874 1768 961 1813 est
988 1754 1214 1813 homini
1232 1796 1249 1824 ‚
1272 1753 1337 1810 id
1362 1753 1500 1810 satis
1526 1773 1650 1813 esse
1677 1754 1954 1833 petisset,

228 1855 359 1912 Hoc
390 1865 479 1909 sat
506 1864 665 1910 erat:
696 1872 857 1911 nunc
888 1854 1031 1911 cum
1058 1854 1175 1910 hoc
1202 1870 1325 1909 non
1352 1863 1470 1922 est,
1494 1851 1602 1931 qui
1626 1852 1908 1913 credimu’
1933 1872 2110 1932 porro

221 1950 473 2009 Divitias
502 1949 655 2007 ullas
680 1950 946 2008 animum
974 1950 1057 2006 mi
1084 1948 1320 2027 explere
1344 1948 1611 2027 potissei‘

910 2050 921 2057 ⁴
1104 2050 1133 2105 1
1152 2052 1180 2105 I
1200 2050 1249 2105 1.

229 2145 423 2206 Sicuti
450 2147 589 2203 cum
620 2146 843 2225 primos
873 2145 1017 2203 ficos
1042 2145 1287 2223 propala
1316 2144 1602 2204 recenteis

222 2242 479 2303 Protulit
497 2285 515 2315 ,
542 2255 602 2301 et
628 2244 821 2323 pretio
848 2242 1071 2322 ingenti
1100 2242 1201 2301 dat
1227 2242 1492 2322 primitu’
1519 2262 1762 2322 paucos.

1103 2344 1133 2398 Ι
1150 2344 1223 2398 V.

224 2440 284 2498 Si
311 2451 435 2498 tam
460 2441 669 2516 corpu’
698 2439 835 2498 loco
861 2438 1129 2497 validum
1146 2483 1163 2510 ‚
1182 2458 1259 2496 ac
1287 2439 1527 2518 regione
1555 2450 1846 2509 maneret,

226 2535 552 2615 Scriptores
582 2557 761 2616 quam
788 2556 924 2596 vera
949 2549 1148 2594 manet
1178 2537 1465 2594 sententia
1492 2534 1676 2594 cordi.

353 2648 361 2653 .
1139 2635 1211 2691 V·

239 2774 537 2790 ........
567 2731 678 2789 Dic
694 2773 709 2800 ‚
743 2749 923 2808 quam
950 2729 1167 2807 cogitat
1183 2771 1202 2798 ‚
1224 2728 1313 2785 vis
1340 2729 1426 2785 ire
1453 2728 1731 2786 minutim

224 2834 333 2888 Per
358 2828 775 2886 commissuras
802 2827 1085 2902 rimarum
1114 2826 1295 2892 nocti’
1320 2824 1554 2904 nigrore
1574 2826 1600 2880 Ξ)

1108 2925 1163 2980 V
1181 2925 1227 2980 1.

226 3025 446 3081 Sanute
472 3020 583 3080 soli
610 3021 756 3079 mihi
788 3021 851 3078 in
878 3038 1091 3100 magno
1122 3037 1373 3076 moerore
1394 3059 1414 3086 ‚

225 3121 485 3181 Tristitia
511 3119 575 3176 in
604 3138 833 3178 summa
848 3161 866 3190 ,
894 3137 1251 3195 creperaque
1276 3116 1536 3173 inventu'
1561 3113 1785 3174 salutis.

1026 3246 1031 3256 ·
1087 3218 1181 3273 VI
1200 3217 1248 3274 I.

242 3359 257 3371 .
279 3357 295 3371 .
322 3357 337 3372 .
362 3347 381 3371 ‚⁴
404 3355 779 3372 ..........
812 3311 926 3370 Hic
943 3308 1112 3370 solus
1136 3305 1398 3392 vigilavit
1413 3356 1431 3383 ‚
1460 3311 1706 3390 opinor,

228 3413 303 3470 Et
328 3413 467 3470 cum
494 3410 559 3468 id
590 3413 674 3470 mi
702 3409 863 3466 visus
887 3407 1076 3468 facere
1100 3422 1188 3468 est
1205 3453 1222 3482 ,
1252 3421 1383 3466 tum
1405 3409 1550 3467 retia
1575 3407 1755 3472 nexit.

138 3633 143 3638 -
226 3601 351 3648 1.A.
372 3599 567 3648 Gellius
582 3633 597 3657 ,
614 3597 707 3646 lib.
726 3599 905 3650 XVIII
918 3629 934 3656 ‚
954 3613 1061 3661 cap.
1087 3595 1133 3644 8.
1285 3599 1331 3646 5.
1350 3597 1552 3648 Nonius
1566 3614 1579 3644 z
1593 3592 1966 3660 Minutimfpro
1981 3595 2194 3644 minute.

222 3695 269 3727 2.
296 3680 526 3730 Nouius:
550 3678 777 3731 Multum
812 3688 861 3724 et
890 3675 1005 3740 satis
1032 3676 1132 3724 dis-
1282 3681 1332 3727 6.
1374 3681 1422 3729 N
1425 3681 1578 3728 onius
1603 3697 1614 3726 ε
1649 3680 1886 3742 Capera,
1915 3692 1994 3724 res
2023 3676 2194 3726 dubia.

160 3769 289 3822 iant3
310 3761 456 3828 quod
486 3759 705 3810 multum
733 3757 997 3808 infinitum
1031 3768 1134 3818 est,
1214 3761 1376 3808 -Ex
1395 3765 1454 3808 F.
1477 3763 1648 3808 Densa
1673 3759 1811 3827 lege:

162 3844 272 3892 tatis
298 3842 516 3892 finitum.
1214 3845 1317 3886 sane
1334 3854 1377 3884 tu
1395 3845 1500 3886 solus
1517 3859 1657 3898 magno
1673 3845 1718 3883 in
1735 3857 1900 3884 merore
1917 3853 2116 3896 memque.
2169 3874 2175 3878 .

224 3924 269 3972 3.
290 3924 520 3972 Nonius:
545 3925 710 3982 Dare,
728 3934 921 3990 petere.
966 3911 971 3914 ¹
1292 3935 1338 3980 7.
1362 3919 1646 3968 Priscianus
1661 3953 1677 3979 ,
1693 3917 1784 3967 lib.
1803 3921 1828 3966 I
1850 3928 1901 3966 et
1919 3917 2006 3966 lib.
2034 3915 2128 3966 IX.
2147 3916 2196 3966 A.

224 4013 272 4062 4.
288 4005 507 4056 Nonius.
528 4005 776 4055 Sententia
788 4039 803 4066 ‚
822 4002 1135 4053 sensibilitas.
1218 4009 1359 4048 necto
1373 4033 1394 4057 ,
1415 3998 1587 4059 nexui,
1608 3998 1934 4067 protulerunt
1949 3999 2195 4066 plerique.
