2775 4619
607 389 636 432 1
649 371 732 447 24

1133 369 1217 432 A.
1271 367 1648 458 PERsu
1710 369 2101 436 FLAGCI

681 491 998 580 Apposita
1029 489 1308 586 intortos
1345 493 1641 558 extendit
1674 495 1895 584 regula
1928 516 2185 576 mores;

681 607 767 671 Et
790 608 1109 696 premitur
1137 608 1386 672 ratione
1412 609 1667 674 animus
1686 655 1707 688 ‚
1734 610 2043 698 vincique
2064 608 2318 675 laborat
2338 655 2357 690 ,

681 716 1146 810 Artificemque
1173 740 1290 788 tuo
1317 723 1503 788 ducit
1526 724 1652 790 sub
1678 724 1919 812 pollice
1942 723 2221 789 vultum.

596 931 744 985 mine
774 931 1089 1002 intelligunt
1107 968 1122 994 ‚
1152 950 1182 984 a
1220 931 1440 984 Socrate
1474 943 1571 984 est.

593 1015 790 1084 Itaque
814 1031 1002 1066 omnes
1028 1013 1130 1065 illae
1153 1019 1236 1066 τοῦ
1260 1015 1425 1069 ἠθικοῦ
1449 1015 1577 1084 αἱρέ-

595 1113 732 1156 σεις,
769 1094 956 1145 ethicae
997 1092 1369 1146 institutiones
1414 1112 1443 1145 a
1480 1094 1576 1145 So-

593 1183 738 1223 crate
771 1172 1036 1242 originem
1067 1183 1121 1222 et
1155 1189 1451 1223 commune
1472 1190 1574 1223 no-

591 1269 721 1303 men
739 1264 865 1304 sunt
883 1263 1068 1304 nactae.
1083 1252 1265 1316 Quare
1284 1253 1575 1306 socraticus

592 1334 741 1386 sinus
767 1346 844 1385 est
867 1334 1138 1386 institutio
1163 1334 1221 1384 in
1246 1333 1434 1385 morali
1452 1335 1575 1404 phi-

573 1415 856 1486 ·losophia.
877 1415 940 1466 C.
953 1415 1179 1465 -Tunc
1187 1416 1397 1482 ,fizllere
1412 1417 1576 1474 solers,

591 1511 679 1547 etc.
703 1496 857 1548 Ordo
879 1508 991 1550 est:
1014 1509 1145 1548 tunc
1175 1497 1385 1566 regula..
1410 1496 1575 1548 solers

575 1579 792 1645 fallere,
815 1576 1127 1630 demulcere
1153 1579 1310 1644 (me)
1331 1577 1577 1648 apposita

591 1657 874 1725 (moribus
913 1657 1082 1725 meis)
1117 1655 1367 1708 extendit
1398 1673 1576 1708 mores

591 1754 742 1788 meos
775 1737 1006 1789 intortos
1040 1756 1056 1802 ;
1095 1751 1148 1790 et
1186 1753 1407 1789 sensus:
1440 1749 1576 1789 tunc

593 1813 878 1888 disciplina
901 1829 994 1868 tua
1014 1854 1030 1880 ‚
1053 1819 1160 1888 qua
1181 1835 1267 1868 me
1287 1815 1533 1867 imbuisti
1554 1851 1572 1880 ‚

594 1895 795 1950 direxit
819 1917 1015 1969 pravos
1038 1917 1185 1951 meos
1213 1916 1423 1961 mores,
1451 1915 1573 1950 sen-

591 1979 717 2042 sim,
733 1992 895 2050 atque
909 1979 981 2031 ita
993 1992 1056 2030 ut
1070 1979 1411 2050 asperitatem
1421 1997 1577 2032 novae

592 2057 894 2130 disciplinae
939 2060 1033 2112 vix
1083 2060 1248 2111 ullam
1295 2061 1573 2112 sentirem.

589 2141 719 2192 Duo
735 2139 868 2193 dicit
879 2139 1415 2202 Persius;correctam
1432 2141 1579 2212 prio-

547 2279 554 2288 ,
587 2239 708 2276 rem
740 2220 908 2275 vitam
945 2240 1097 2274 suam
1131 2241 1160 2273 a
1195 2221 1483 2286 Cornut03
1520 2233 1575 2274 et

589 2303 663 2357 ita
683 2303 876 2357 leviter
895 2318 1213 2376 correptum
1231 2322 1287 2356 se
1307 2303 1494 2365 fuisse,
1514 2314 1576 2356 ut

589 2385 934 2455 repentinam
953 2385 1078 2436 vitae
1097 2383 1461 2463 mutationem
1480 2383 1575 2435 vix

591 2463 850 2529 senserit;
874 2461 1010 2515 adeo
1033 2462 1322 2536 disciplina
1341 2462 1576 2516 Cornuti

576 2546 798 2613 fallere,
829 2543 889 2596 id
915 2544 1007 2597 ‘est
1024 2582 1040 2610 ,
1068 2544 1124 2597 in
1165 2545 1335 2617 spinis
1369 2557 1423 2596 et
1460 2563 1576 2595 mo·

589 2625 758 2678 lestiis
782 2626 1140 2679 correctionis
1171 2624 1467 2678 evellendis
1483 2664 1499 2690 ‚
1524 2637 1577 2677 ct

589 2706 648 2757 in
681 2720 1078 2778 praeceptorum
1111 2706 1404 2758 acrimonia
1436 2718 1573 2757 tem-

590 2785 834 2857 peranda
888 2786 994 2838 fuit
1046 2786 1212 2837 solers
1259 2798 1312 2837 et
1359 2784 1573 2837 efficax.

590 2866 758 2931 Quod
785 2867 1220 2938 pulcherrimum
1239 2880 1322 2919 est
1341 2866 1577 2919 Cornuti

541 3004 557 3015 ,
591 2947 849 3019 elogium.
884 2951 951 2999 A.

665 3029 753 3080 38.
793 3032 1124 3096 Apposita....
1151 3032 1365 3098 regula]
1404 3028 1532 3081 Haec
1553 3066 1571 3093 ‚

591 3108 761 3175 regula
783 3108 1006 3173 apposita
1019 3143 1038 3165 ,
1065 3118 1121 3159 et
1149 3108 1319 3156 intorti
1335 3124 1491 3157 mores
1503 3106 1573 3158 ‚ab

591 3197 705 3239 arte
733 3186 910 3237 fabrili
943 3199 1071 3239 sunt
1109 3187 1380 3259 eleganter
1408 3199 1577 3239 trans·

591 3268 717 3319 lata.
741 3267 828 3319 Sic
850 3268 1047 3339 passim
1070 3268 1278 3331 Graeci,
1308 3276 1378 3338 τῷ
1412 3270 1576 3320 κανόνι

591 3347 661 3400 τὰ
700 3347 871 3399 σκολιὰ
907 3349 1213 3412 ἀπευθύνειν;
1238 3349 1326 3399 vel
1361 3354 1427 3417 τῇ
1456 3366 1577 3418 προ-

590 3434 798 3498 σαγωγῇ
823 3432 906 3480 τοῦ
930 3430 1126 3489 κανόνος
1147 3429 1213 3481 τὰ
1233 3424 1579 3499 διεςραμμένα

593 3510 660 3569 εἰς
684 3509 927 3565 εὐθὺτητσ,
951 3508 1298 3579 μεταὸοίλλειν.
1314 3512 1579 3557 *Erren-

591 3590 694 3649 dit,
727 3584 946 3640 direxit.
996 3587 1340 3639 Translatum
1374 3605 1405 3637 a
1444 3604 1575 3656 per-

591 3665 932 3739 pendiculari
968 3667 1220 3719 funiculo
1259 3686 1273 3717 ε
1319 3666 1417 3736 qui
1457 3678 1576 3717 tum

595 3746 822 3799 demum
861 3760 942 3799 est
974 3759 1189 3810 rectus,
1234 3744 1459 3816 quando
1498 3758 1579 3799 est

594 3826 852 3877 intensus.
876 3825 1100 3877 Casaub.

2582 741 2661 797 40

1729 933 1819 1002 39.
1844 935 1909 982 Ec
1918 936 2163 1000 premitur·
2186 934 2377 984 radone
2402 936 2655 1002 animm]

1655 1015 1887 1086 Jamque
1905 1051 1922 1077 ‚
1955 1028 2009 1066 te
2042 1014 2219 1078 duce,
2245 1015 2457 1067 animus
2490 1033 2658 1066 meus

1652 1095 1926 1166 premitur
1944 1095 2179 1156 ratione,
2204 1094 2263 1146 id
2287 1109 2365 1148 est
2383 1134 2399 1160 ‚
2422 1095 2657 1167 cogitur

1652 1175 1878 1228 rationis
1918 1175 2211 1246 imperium
2258 1176 2416 1247 sequi
2438 1214 2455 1238 ,
2494 1195 2655 1228 coerh

1654 1267 1827 1306 cetur.
1860 1258 1994 1306 Sicut
2022 1275 2205 1322 equus,
2235 1257 2418 1328 inquit
2446 1256 2613 1308 Plato
2633 1294 2653 1320 ,

1654 1354 1688 1383 a
1709 1355 1886 1385 sessore
1904 1337 2136 1385 domatur·
2148 1374 2163 1395 ‚
2186 1338 2257 1385 ita
2275 1339 2471 1386 animus
2489 1339 2654 1386 ratio·

1656 1435 1731 1464 ne.
1752 1415 1893 1467 Cave
1920 1426 2103 1467 autem
2140 1435 2209 1467 ne
2238 1417 2485 1467 animum
2514 1435 2653 1468 cum

1640 1506 1836 1548 xmente
1858 1493 2178 1546 confundas.
2206 1497 2341 1546 Duae
2367 1507 2499 1547 sunt
2524 1513 2653 1566 par·

1656 1588 1739 1627 tes
1757 1575 1921 1626 animi
1944 1575 2117 1626 nostri
2132 1595 2149 1642 3
2173 1577 2338 1628 altera
2352 1579 2617 1647 superior
2632 1613 2651 1639 ,

1655 1673 1809 1707 mens
1826 1695 1843 1719 ‚
1864 1657 2089 1709 rationis
2111 1656 2296 1722 sedes3
2318 1657 2487 1711 altera
2510 1657 2652 1709 infe-

1654 1737 1798 1799 rior,
1818 1755 1940 1808 quae
1961 1751 2041 1790 est
2064 1757 2257 1809 expers
2278 1739 2504 1791 rationis
2518 1776 2534 1801 ‚
2554 1757 2655 1792 vo-

1656 1831 1919 1890 caturque
1955 1820 2249 1890 appetitus.
2294 1822 2375 1872 De
2410 1820 2513 1871 hac
2554 1820 2652 1870 ul-

1650 1899 1783 1950 tima
1814 1918 1993 1950 sermo
2032 1911 2131 1951 est.
2159 1896 2291 1951 vid.
2331 1899 2447 1952 Cic.
2480 1898 2655 1950 offic.

1656 1979 1755 2032 lib.
1787 1980 1815 2030 1
1834 2019 1850 2044 ,
1880 1980 1943 2031 n⁰
1970 1981 2192 2032 tom'ln
2220 1979 2413 2032 eodem
2436 1999 2602 2032 sensu
2630 2011 2649 2036 ‚

1656 2057 1715 2110 id
1738 2073 1818 2112 est
1834 2098 1850 2124 ,
1874 2057 1945 2110 de
1964 2060 2146 2110 animo
2170 2060 2397 2110 rationis
2418 2071 2615 2130 egente
2634 2097 2653 2122 ‚

1656 2157 1753 2191 seu
1788 2137 1857 2191 de
1896 2140 2145 2210 appetitu
2182 2137 2325 2190 dixit
2350 2138 2612 2191 Horatius
2632 2177 2653 2205 ‚

1656 2218 1753 2271 lib.
1781 2219 1809 2269 I
1830 2256 1847 2281 ,
1868 2218 2030 2290 epist.
2064 2237 2127 2270 a:

1659 2340 1800 2353 .....
1821 2304 2041 2353 Animum
2068 2322 2203 2369 rege,
2230 2305 2312 2369 qui
2333 2305 2423 2352 nisi
2446 2317 2583 2367 paret

1653 2381 1881 2441 Imperat:
1908 2380 2033 2426 hunc
2060 2380 2243 2436 frenis,
2276 2381 2401 2427 hunc
2434 2388 2485 2424 ru
2512 2394 2652 2427 com-

1780 2466 1919 2512 pesce
1940 2453 2119 2510 catena.
2372 2470 2383 2481 =
2528 2454 2585 2497 P.

1654 2560 1727 2571 --
1744 2533 1985 2597 Vincique
2002 2534 2213 2581 laborat.
2226 2524 2399 2582 Recte
2416 2532 2651 2592 laborat,

1654 2630 1781 2663 nam
1808 2611 1999 2681 ingens
2024 2622 2082 2664 et
2108 2609 2451 2663 arduum-est
2475 2623 2655 2663 certa·

1656 2710 1781 2745 men
1799 2730 1816 2756 ‚
1846 2691 2069 2763 quando
2096 2692 2229 2745 vitia
2261 2690 2487 2744 domare
2520 2692 2655 2744 niti-

1656 2793 1804 2827 mur.
1830 2773 1997 2845 Greg.
2022 2774 2269 2827 Nazianz.

1656 2866 1949 2937 Πράγματοι
1994 2860 2049 2915 δ’
2091 2856 2171 2915 οἷα.
2218 2860 2383 2924 δοκεῖς
2424 2864 2650 2931 πάσχειν

1817 2946 1970 3015 ψυχὴν
2008 2948 2319 3015 πολεμοῦσαν

1732 3025 1971 3096 Σῶματι,
1995 3024 2085 3084 ,καὶ
2129 3026 2298 3095 κόσμῳ
2330 3025 2653 3085 ἀντικαθεζο-

1816 3108 1985 3177 μένην·

1657 3184 1731 3236 ita
1768 3185 1979 3237 animus
2020 3202 2174 3237 meus
2212 3202 2270 3236 se
2309 3181 2459 3238 vinci
2506 3201 2655 3253 oegre

1658 3264 1887 3333 patitur.
1920 3263 1985 3314 C.
2521 3256 2530 3263 ’

1732 3349 1814 3404 40.
1835 3345 2187 3414 Artficemque
2204 3356 2315 3401 tuo,
2334 3340 2445 3410 eta]
2464 3338 2657 3393 Idem-

1660 3442 1770 3496 que
1804 3441 1956 3475 meus
1984 3424 2231 3485 animus,
2258 3422 2361 3473 sub
2400 3432 2501 3471 tuo
2532 3421 2658 3491 pol-

1660 3504 1763 3555 lice
1787 3540 1804 3566 ,
1844 3501 1999 3555 ducit
2032 3504 2230 3553 vultum
2266 3502 2511 3571 artificem
2537 3537 2554 3560 ,
2594 3498 2657 3551 id

1658 3598 1737 3637 est
1767 3586 1862 3635 tua
1892 3582 2181 3655 disciplina
2216 3594 2365 3633 totus
2398 3580 2658 3631 immuta-

1659 3678 1783 3729 tur,
1816 3677 1979 3736 atque
2020 3682 2085 3716 ex
2131 3662 2429 3733 depravato
2471 3678 2659 3713 emen-

1659 3744 1815 3797 datus
1832 3782 1848 3808 ‚
1873 3764 1902 3797 e
1926 3744 2068 3797 malo
2090 3740 2273 3795 evadit
2291 3741 2505 3812 probus
2522 3778 2540 3804 ‚
2565 3759 2661 3794 ve·
2728 3802 2741 3811 ,

1656 3825 1761 3877 luti
1792 3824 1978 3897 argilla
2010 3836 2065 3877 et
2096 3841 2220 3875 cera
2244 3840 2369 3894 quae
2404 3821 2511 3873 suh
2538 3820 2665 3893 pol·

656 3992 718 4069 V]
751 4013 838 4061 4ο.
865 4004 1234 4073 Artificemque.
1263 4007 1339 4053 Ita
1363 4020 1543 4054 omnes
1560 4003 1725 4056 codd.
1760 3984 1899 4055 Vide*
1920 4019 2073 4070 snpra
2104 4001 2545 4053 commentarium.
2576 4052 2581 4057 ,
