2775 4619
844 305 1251 416 §ATIRA
1308 307 1366 374 Ι.

2051 317 2130 384 31

168 436 377 501 Nilne
414 433 621 525 pudet
634 481 655 517 ‚
684 433 884 524 capiti
920 455 1055 500 non
1092 457 1275 525 posse
1310 435 1604 525 pericula
1637 459 1800 502 cano

171 553 427 618 Pellere
444 601 463 633 ‚
490 552 653 641 quin
681 550 979 642 tepidum
1004 551 1133 616 hoc
1167 568 1355 640 optes
1380 551 1610 618 audire
1637 576 1654 616 ε
1684 554 1992 620 Dec-enter
2009 559 2048 622 P

174 669 313 732 Fur
341 691 443 753 es,
468 669 560 733 ait
588 667 815 734 Pedio.
846 666 1085 733 Pedius
1111 665 1317 756 quid?
1346 669 1639 734 Crimina
1667 673 1824 736 rasis

2065 681 2132 736 85

178 784 411 849 Librat
448 785 520 848 in
558 784 913 849 antithetiS.
946 785 1185 848 Doctas
1218 785 1512 873 posuisse
1543 781 1782 875 figuras

92 902 99 916 “
178 900 534 966 Laudatur.
552 899 805 965 Bellum
816 901 965 966 hoe!
978 899 1229 966 Bellum
1250 899 1379 967 hoc
1393 899 1421 963 Ρ
1433 904 1543 966 An
1555 950 1574 983 ,
1590 903 1893 986 Romule,
1909 927 2089 971 ceves
2105 905 2134 969 3¹

100 1097 276 1130 corum
294 1076 509 1151 oppido
523 1115 540 1142 ‚
560 1076 677 1130 sine
692 1075 947 1148 peditum
962 1094 1070 1147 ope

101 1171 243 1231 capto
274 1197 292 1223 ,
335 1159 549 1230 equites
592 1157 822 1209 Romani
864 1158 1074 1207 Trossuli

100 1237 216 1292 dicti
236 1249 383 1292 sunt.
402 1237 509 1292 Sed
528 1238 696 1310 vulgo
716 1236 790 1290 ita
808 1235 1072 1290 vocabant

99 1327 197 1382 τοῦς
240 1321 455 1392 κομψοὺς
499 1317 583 1373 καὶ
624 1319 904 1390 φιλοκάλους
924 1357 941 1382 .,
972 1318 1071 1390 qui

99 1401 239 1454 cultu
264 1412 321 1454 et
348 1413 467 1454 toto
494 1399 618 1453 vitae
646 1415 843 1470 genere
868 1397 1071 1450 caeteris

100 1494 341 1550 praestare
368 1473 601 1535 bellent.
640 1479 817 1530 Varro
858 1477 1068 1550 sesqui·

102 1562 293 1634 ulysse:
317 1565 466 1613 Nunc
489 1574 656 1612 emunt
676 1561 887 1610 Trossuli
908 1561 1069 1610 nardo

103 1645 232 1693 nitidi
252 1647 417 1711 vulgo
448 1643 612 1694 Attico
649 1643 835 1691 talento
862 1657 1064 1706 equum.

103 1725 422 1775 -Subsellae‘m
437 1720 565 1774 vid.
585 1723 781 1775 Juven.
800 1720 942 1784 VII,
964 1721 1031 1784 45
1050 1757 1068 1786 ,

104 1798 423 1851 86.—Levis.
457 1798 637 1854 Graue.
671 1805 829 1863 λεῖος,
845 1802 1065 1868 mollis,

102 1877 275 1932 vulsus
304 1897 369 1932 ac
400 1879 683 1932 resinatus.
701 1877 830 1934 Vid.
856 1882 890 1933 J
894 1897 1061 1934 uren.

103 1968 184 2007 sat.
202 1959 258 2010 11
276 1997 293 2025 ‚
320 1977 382 2011 12
406 1995 424 2024 ,
444 1970 501 2010 et
520 1958 686 2011 aubi.-
701 1957 766 2011 C.
797 1971 851 2012 et
875 1962 941 2010 A.

166 2037 240 2090 83.
258 2041 407 2092 Nilne
422 2043 615 2108 puden]
642 2038 771 2093 Hoee
793 2038 864 2092 ad
884 2050 1063 2092 orato-

103 2134 179 2170 res
202 2129 459 2190 spectant.
492 2119 557 2172 In
597 2119 721 2172 illos
750 2118 1063 2183 invehitur,

104 2199 188 2268 qui
205 2201 284 2254 vel
303 2218 427 2253 reos
452 2198 733 2254 defensuri
752 2235 771 2264 ‚
790 2213 846 2255 et
872 2199 1063 2271 capitis

104 2280 329 2348 periculo
352 2280 637 2334 liberaturi
654 2318 672 2346 ,
692 2278 753 2333 id
784 2297 959 2352 genus
984 2291 1064 2333 te·

104 2378 277 2414 nerum
308 2374 362 2414 et
400 2361 565 2414 molle
607 2360 866 2428 dicendi,
898 2378 971 2414 ue
1002 2361 1063 2413 in

106 2442 279 2496 scholis
304 2442 531 2515 quidem
560 2456 614 2496 et
645 2442 919 2497 auditorio
948 2443 1065 2515 pri·

104 2534 208 2574 vato
221 2522 510 2577 serendum
518 2560 535 2587 ,
554 2525 886 2579 transferunt
900 2524 957 2575 in
968 2522 1066 2574 Fo-

106 2619 241 2669 rum,
264 2616 317 2657 et
341 2624 497 2659 veras
531 2622 715 2657 causas
752 2616 1061 2676 agunt-tau·

108 2700 249 2752 quam
280 2685 431 2741 fictas
468 2684 902 2741 declamationes.
930 2686 1063 2750 Quo

104 2763 219 2817 vitio
257 2766 545 2821 tenebatur
587 2765 933 2837 potissimum
970 2764 1063 2817 illa

108 2856 221 2897 etas.
239 2846 366 2900 Vid.
384 2848 578 2913 Quint.
594 2846 689 2900 lib.
710 2848 815 2912 IV,
834 2864 953 2921 ουρ.
974 2864 996 2898 r
1010 2864 1032 2899 ι
1046 2885 1061 2900 .

110 2932 316 2979 -Cana
332 2930 439 2982 Vel
459 2949 590 2984 vere
613 2948 749 2983 cano
764 2968 779 2992 ‚
802 2927 954 3001 quod
975 2947 1066 2981 au-

108 3021 182 3077 get
196 3010 344 3072 πάοοζ
360 3034 376 3077 ;
394 3011 484 3065 vel
505 3023 679 3067 atrato
698 3023 752 3064 et
770 3007 1062 3084 squallido,

110 3104 303 3143 reorum
319 3108 475 3145 more
490 3128 507 3156 ‚
533 3110 653 3163 quae
686 3109 772 3143 res
800 3089 959 3142 etiam
978 3108 1065 3153 ea,-

110 3168 274 3223 nitiem
291 3172 429 3225 solet
448 3173 764 3226 accelerare.
796 3170 860 3225 C.

169 3250 247 3315 84.
291 3254 421 3319 Quin
458 3255 673 3320 tepidum
690 3290 710 3313 ,
740 3252 873 3319 eta]
910 3251 1062 3317 Quin

108 3325 263 3395 gloriae
280 3342 387 3383 tuoe
404 3332 626 3398 servias,
644 3344 699 3385 et
715 3328 774 3385 id
791 3333 1067 3403 praeeipua

114 3414 221 3462 cura
248 3430 365 3483 agas
388 3450 405 3477 ,
444 3424 509 3463 ut
546 3413 799 3485 plausum
826 3412 911 3467 vel
947 3430 1063 3465 me-

112 3482 325 3542 diocrem
359 3488 489 3543 inde
527 3491 688 3545 feras.
712 3521 786 3532 ——
811 3494 1062 3560 Tepidum,

114 3562 386 3623 Modicum.
418 3572 617 3643 Reipsa
631 3611 649 3638 ,
670 3576 925 3635 decenter,
952 3590 1064 3624 non

114 3646 251 3714 pleno
269 3670 360 3705 ore
374 3689 391 3717 ,
409 3666 473 3704 ut
492 3673 614 3721 euge
626 3692 643 3714 ‚
668 3656 789 3705 belle
797 3673 820 3713 ,-
842 3650 939 3705 sed
954 3648 1066 3725 levi

116 3736 295 3782 tantum
318 3751 602 3785 murmure
632 3734 1027 3807 usurpamuA.

1212 1077 1311 1130 85.
1336 1081 1440 1128 Fur
1464 1096 1538 1138 es,
1568 1077 1650 1149 ait
1671 1078 1858 1150 Pedia]
1892 1080 2133 1155 Supple,

1151 1157 1247 1230 qui
1272 1170 1493 1210 accusat
1521 1166 1942 1228 euru.-—Pedius
1973 1169 2136 1230 quid?

1149 1237 1484 1309 Respondet.
1503 1243 1780 1294 ——Pedius.
1809 1243 1998 1297 Blesus
2029 1247 2132 1298 sub

1146 1317 1367 1371 Nerone
1382 1338 1412 1371 a
1427 1318 1680 1392 Cyrenen
1687 1321 1834 1373 sibus
1849 1337 2132 1378 accusatus

1150 1411 1232 1452 'est
1250 1399 1570 1471 exspoliasse
1598 1402 1864 1472 templum
1879 1403 2132 1459 Aescula-

1146 1477 1249 1560 pii.
1272 1477 1446 1533 Tacit.
1470 1483 1614 1534 Ann.
1639 1482 2131 1548 XIV‚·damnatus-

1148 1577 1257 1630 que
1272 1572 1331 1632 et
1352 1579 1381 1613 a
1401 1575 1595 1616 senatu
1620 1575 1802 1616 motus
1831 1577 1928 1617 est.
1947 1596 2017 1608 —-
2030 1571 2132 1620 lta-

1144 1644 1227 1692 εἰσ.
1251 1640 1441 1694 Politis
1460 1680 1478 1708 ‚
1506 1643 1812 1698 elaboratis.
1839 1646 1899 1699 P.

1215 1721 1302 1772 86.
1311 1723 1488 1770 Librae
1494 1725 1544 1771 in
1554 1724 1806 1774 antithetis
1813 1723 2124 1796 (crimina).]

1144 1799 1318 1852 Velut
1335 1800 1396 1852 in
1416 1803 1686 1856 contraria
1713 1803 1866 1857 lance
1894 1807 2130 1876 opponit

1142 1881 1608 1935 criminationibus
1628 1902 1743 1935 non
1768 1884 1944 1938 valida
1971 1899 2128 1956 argu·

1054 1979 1071 1990 ‘
1144 1972 1322 2013 menta
1334 2001 1352 2026 ‚
1370 1961 1468 2014 sed
1483 1981 1656 2015 meras
1668 1965 1960 2016 verborum
1977 1981 2130 2035 exor-

1142 2040 1390 2094 nationes
1421 2053 1476 2094 et
1505 2042 1739 2114 figuras,
1767 2041 2128 2116 periodorum

1142 2121 1420 2176 affectatos
1446 2141 1704 2174 numeros
1723 2161 1741 2187 ‚
1766 2137 1821 2176 et
1848 2123 2001 2196 quasi
2031 2142 2127 2194 ap-

1142 2217 1339 2272 pensos
1358 2237 1374 2265 ,
1403 2199 1824 2252 homoeoteleuta
1842 2238 1857 2264 ‚
1882 2199 2126 2252 homoeo-

1142 2292 1331 2353 ptem,
1359 2279 1563 2333 isoeola
1585 2320 1601 2347 ‚
1632 2277 1870 2353 aliasque
1910 2277 2128 2354 Gorgias

1143 2360 1606 2414 inventiunculas.
1625 2360 1752 2415 V'et.
1777 2360 1946 2415 schol.
1975 2384 1997 2407 ι
2013 2363 2125 2413 An-

1149 2467 1172 2488 «
1194 2441 1383 2495 titheta
1403 2454 1532 2495 sunt
1547 2442 1694 2495 haec:

1142 2548 1304 2595 Fortia
1320 2548 1528 2610 neglecti
1543 2548 1767 2593 velabant
1791 2548 1912 2595 eolla
1929 2537 2090 2609 capilli
2107 2566 2124 2601 ;

1142 2622 1201 2666 Et
1214 2636 1302 2681 per
1318 2620 1524 2682 neglecti
1531 2619 1790 2665 volitabant
1805 2618 1925 2665 colla
1939 2619 2122 2679 capilli:

1142 2692 1238 2739 Aut
1264 2692 1484 2753 quotiens
1513 2690 1684 2737 umbra
1711 2690 1906 2752 porrexi
1933 2688 2129 2737 brachia

1141 2824 1237 2880 Aut
1267 2774 1494 2897 &iliius
1527 2833 1697 2879 umbra
1735 2830 1903 2879 reduxi
1929 2806 2126 2889 brachia

1266 2915 1413 2950 mota.

1149 3029 1172 3050 ι
1194 3002 1470 3058 Antitheta
1485 3013 1670 3053 autem
1690 2998 1790 3052 ista
1815 3010 1946 3053 sunt
1961 3036 1977 3064 ,
2002 3016 2124 3070 quae

1150 3112 1171 3132 α
1194 3097 1386 3137 contra
1419 3102 1476 3135 se
1514 3092 1836 3155 ponuntur:
1869 3092 1965 3145 ut,
1992 3080 2124 3131 hinc

1147 3194 1169 3215 «
1191 3165 1375 3239 pudor
1393 3204 1410 3231 ,
1437 3164 1590 3217 illinc
1625 3162 1924 3233 petulantia
1949 3181 1961 3213 ε
1992 3162 2125 3215 hine

1147 3274 1170 3295 α
1192 3245 1482 3320 pudicitia,
1496 3244 1647 3299 illine
1661 3256 1916 3315 stuprum
1931 3262 1943 3293 z
1964 3243 2128 3297 istinc

1148 3356 1171 3377 α
1193 3328 1495 3393 fraudatio,
1521 3326 1675 3381 illinc
1699 3324 1853 3378 fides.
1870 3348 1892 3370 ι
1923 3324 1980 3375 Ρ.
1996 3336 2048 3375 et
2061 3324 2124 3375 A.

1216 3412 1302 3481 87.
1353 3415 1437 3464 An
1455 3447 1473 3469 ‚
1512 3410 1714 3459 Romule
1734 3443 1752 3467 ,
1783 3414 1952 3458 cevesz’
1969 3404 1990 3475 ]
2036 3403 2123 3455 An

1145 3490 1324 3549 adhuc
1343 3490 1432 3543 vir
1461 3506 1518 3541 es
1535 3486 1559 3537 Ρ
1578 3484 1808 3547 Minime
1836 3502 2001 3550 ver03
2025 3480 2124 3535 sed

1138 3569 1325 3637 ‚mollis
1357 3579 1413 3621 et
1450 3566 1814 3620 effeminatus.
1843 3562 1924 3615 De
1952 3562 2122 3625 verbo

1147 3670 1335 3711 cevere,
1350 3647 1465 3703 vid.
1483 3644 1552 3701 ad
1573 3644 1696 3702 Juv.
1717 3657 1816 3697 sat.
1842 3640 1899 3695 II
1913 3680 1927 3705 ,
1949 3660 2000 3694 v.
2023 3658 2084 3691 21
2098 3676 2133 3703 ‚

1145 3744 1200 3785 et
1218 3732 1300 3785 Ix
1316 3769 1333 3797 ,
1356 3731 1741 3795 4o.—-Bom,ule.
1753 3724 1860 3776 Pro
1875 3722 2122 3775 Romano

170 3888 229 3937 V.
259 3892 339 3942 86.
369 3894 565 3943 Doctus.
591 3896 667 3943 Ita
694 3910 869 3943 omues
890 3872 1058 3942 nostri
1082 3892 1228 3941 codd.
1258 3891 1584 3951 casaubonus
1611 3886 1777 3937 mallet
1796 3884 1963 3931 doctus
1976 3916 1992 3939 ,
2013 3896 2120 3929 ree-

128 3966 211 4016 tius
226 3972 344 4025 forte
360 3993 375 4037 3
396 3988 445 4026 at
465 3978 667 4041 vulgata
686 3976 836 4026 lectio
855 3974 984 4025 bene
1008 3990 1217 4049 quoque
1242 3990 1297 4025 se
1314 3972 1478 4021 habet.
