2775 4619
882 388 1281 454 SATIRA
1335 387 1470 455 vl.

2072 412 2193 481 177

233 512 635 599 Glivumque
660 510 745 576 ad
769 510 1003 576 Virbi:
1034 528 1269 601 praesto
1295 528 1392 577 est
1419 511 1583 577 mihi
1609 510 1869 578 Manius
1890 511 2100 580 heres.

244 627 599 717 Progenies
624 625 855 693 terrae?
880 628 1115 711 Quaere
1143 652 1223 693 ex
1246 652 1349 693 me
1367 676 1385 710 ,
1413 629 1556 716 quis
1582 629 1746 693 mihi
1775 646 2042 717 quartus

242 741 342 805 Sit
354 758 559 830 pater3
569 741 749 806 haud
764 759 1061 831 prompte
1075 742 1279 807 dicam
1289 791 1304 809 .
1316 743 1565 820 Tamen
1580 742 1750 807 adde
1759 745 1952 808 etiam
1962 768 2199 829 unum,

248 856 478 920 Unum
504 857 699 921 etiam
715 903 734 938 ,
761 872 946 921 terrae
974 873 1070 921 est
1091 858 1226 945 jam
1249 856 1455 923 filius:
1487 874 1551 922 et
1574 858 1735 923 mihi
1758 859 1891 923 ritu

143 1028 276 1081 Hoc
313 1028 526 1082 dietum
544 1066 562 1093 ‚
590 1042 655 1082 ut
683 1030 768 1083 vel
800 1028 1144 1082 remotissimi

143 1109 358 1181 gradus
383 1112 721 1185 cognationis
749 1112 1141 1183 intelligantur.

144 1194 457 1243 ——Bovillas.
473 1192 645 1244 Vicus
664 1192 721 1244 in
740 1192 917 1265 Appia
939 1192 1022 1245 via
1038 1230 1053 1255 ‚
1076 1190 1145 1243 ad

143 1271 518 1324 undecimum
560 1271 796 1343 lapidem
844 1272 911 1324 ab
956 1273 1105 1324 Urbe
1127 1310 1144 1337 ,

143 1352 253 1402 uhi
282 1348 519 1403 Clodius
546 1369 575 1402 a
598 1352 805 1403 Milone
828 1351 1145 1404 interfectus

146 1443 256 1483 est.
271 1431 439 1483 Sedes
458 1443 572 1483 erat
594 1432 850 1503 frequens
871 1430 1147 1496 mendicis,

155 1512 291 1583 quia
318 1512 515 1564 tritum
542 1512 646 1563 iter
673 1524 773 1563 est.
797 1511 861 1565 P.

231 1594 323 1646 56.
346 1596 630 1659 οζι“νιυηᾳιιε
650 1594 722 1642 ad
741 1590 915 1660 Verba]
931 1592 1149 1645 Bovillae

152 1684 212 1725 et
253 1672 433 1724 Aricia
473 1672 651 1724 vicina
694 1669 991 1724 admodum
1032 1672 1147 1724 loca

153 1753 216 1805 in
248 1753 339 1806 via
361 1752 577 1824 Appia:
610 1750 704 1803 sed
739 1750 1029 1824 aliquando
1064 1771 1150 1803 re-

154 1835 365 1886 motior
386 1835 454 1885 ab
476 1833 626 1886 Urbe
645 1834 819 1885 Aricia
839 1871 856 1896 ‚
884 1834 980 1885 ubi
1005 1837 1151 1885 clivus

160 1915 335 1976 Vir-bf,
369 1914 429 1967 id
467 1928 551 1967 est
570 1952 586 1978 ‚
613 1932 805 1967 nemus
831 1914 1112 1966 Aricinum
1129 1952 1145 1981 ‚

156 2008 211 2048 et
244 1995 595 2047 Nemorensis
626 1995 815 2046 Diana.
838 1993 971 2046 Vid.
1010 1993 1152 2047 Stra·

157 2077 399 2137 honem,
431 2076 531 2127 lib.
576 2075 649 2125 V.
696 2074 1045 2126 C.—-—Proesco
1083 2089 1155 2125 ese

160 2159 290 2207 mihi
304 2158 506 2207 Manius
527 2158 677 2206 heres.
700 2154 818 2208 Hoc
839 2155 1044 2207 ironice
1064 2174 1150 2208 ac-

159 2235 345 2307 cipien
356 2234 515 2299 dum,
531 2233 589 2286 id
606 2248 707 2300 est,
726 2235 871 2287 inter
888 2236 987 2287 hos
999 2252 1151 2287 men·

160 2315 318 2374 dicos
330 2355 347 2381 ,
372 2315 470 2387 qui
489 2315 736 2377 Aricinos
752 2314 1065 2368 mendicant
1083 2313 1153 2368 ad

159 2412 289 2448 axes
312 2434 329 2459 ‚
370 2407 426 2446 et
468 2393 538 2446 ad
582 2395 783 2448 clivum
814 2394 975 2446 virbt
998 2432 1012 2456 ,
1048 2395 1153 2447 erit

158 2477 301 2528 mihi
334 2477 493 2540 heres
512 2513 529 2538 ‚
558 2487 611 2526 et
645 2473 870 2546 quidem
901 2475 1151 2540 Manius,

160 2557 220 2609 id
242 2570 351 2618 est,
375 2557 463 2611 vir
488 2556 645 2607 fortis
663 2594 680 2620 ,
705 2567 956 2607 strenuus
972 2568 1063 2618 ,·et
1084 2557 1153 2607 si-

160 2639 309 2690 milis
334 2637 541 2689 Manio.
568 2635 741 2688 Porro
758 2675 773 2696 ,
799 2637 1014 2688 Manius
1037 2637 1156 2708 qui-

162 2717 291 2770 dam
308 2756 326 2782 ‚
350 2730 416 2770 ut
433 2718 507 2769 ait
529 2717 718 2769 Festus
731 2755 745 2778 ,
763 2717 947 2769 Dianae
965 2736 1157 2788 agrum

164 2799 421 2852 etlucum
438 2809 863 2858 consecraverat,
872 2809 940 2858 et,
951 2816 1019 2848 ne
1034 2797 1155 2869 quis

160 2878 385 2932 virtutis
428 2874 625 2947 ex'pers
671 2875 1034 2928 sacerdotium
1076 2889 1156 2930 te-

160 2971 321 3010 neret
337 2997 355 3023 ‚
378 2969 642 3011 statuerat
668 2957 923 3009 omnibus
944 2957 1156 3010 licitum

160 3039 282 3090 sore
295 3035 634 3090 sacerdotem
649 3035 950 3089 interficere
962 3055 1021 3088 ac
1032 3056 1157 3108 sup-

162 3119 438 3190 plantare.
461 3115 627 3170 Unde
646 3118 1001 3188 proverbium
1015 3117 1157 3188 illud

164 3201 355 3252 Romae
388 3199 583 3250 tritum
601 3237 617 3260 ,
642 3203 787 3250 multi
812 3202 975 3250 Martii
998 3202 1159 3250 Arici-

168 3298 250 3330 πω·
279 3299 299 3329 .·
335 3297 466 3330 nam
503 3277 869 3330 sacerdotium
904 3277 1012 3331 hoc
1048 3277 1159 3330 sol&

1222 1031 1431 1085 virtute
1458 1043 1671 1104 poterat
1696 1034 1872 1105 parari
1899 1047 1954 1089 et
1986 1052 2201 1089 conser-

1223 1110 1356 1162 vari.
1378 1111 1444 1161 A.

1298 1191 1384 1261 57.
1408 1194 1666 1258 Progenies
1680 1206 1823 1243 terrae
1833 1192 1875 1262 Ρ]
1905 1192 2202 1264 Responsio

1222 1264 1457 1323 heredis.
1488 1272 1559 1323 At
1596 1272 1806 1323 Manius
1843 1272 1944 1324 iste
1973 1285 2054 1325 est
2079 1294 2206 1340 pro-

1221 1352 1387 1419 genies
1405 1364 1549 1402 terr-ce
1563 1389 1578 1410 ,
1603 1350 1659 1402 id
1690 1364 1799 1417 est,
1821 1353 2084 1405 obscurus
2105 1354 2205 1406 ho-

1227 1450 1353 1495 mo,
1393 1450 1589 1503 genere
1621 1434 1862 1485 incertus
1881 1471 1896 1496 ‚
1925 1447 2012 1497 et,
2043 1444 2104 1498 ut
2131 1434 2209 1487 ait

1228 1514 1260 1563 J
1266 1513 1508 1565 uvenalis
1525 1550 1539 1573 ,
1562 1525 1660 1565 sat.
1695 1514 1799 1582 IV,
1821 1534 1870 1567 v.
1900 1516 1968 1583 98
1985 1515 2208 1581 ‚fi-acer-

1229 1596 1363 1645 culus
1383 1597 1620 1661 Gigantis.
1632 1624 1702 1635 --
1717 1600 1893 1659 Quoere
1913 1613 1978 1645 ex
1997 1615 2098 1656 me,
2117 1609 2206 1647 etc.

1228 1670 1411 1745 inquit
1445 1680 1626 1745 poeta.
1661 1676 1748 1727 Tu
1791 1674 1928 1727 dicis
1962 1676 2210 1728 Manium
2254 1710 2259 1716 -

1229 1752 1394 1805 istum
1423 1770 1532 1805 esse
1559 1753 1671 1805 sine
1699 1766 1950 1823 parente,
1967 1752 2208 1825 ideoque

1228 1833 1484 1887 heredem
1511 1853 1692 1887 meum
1730 1854 1840 1885 non
1875 1853 1988 1887 esse
2013 1854 2209 1906 posseg

1228 1927 1279 1969 at
1298 1953 1313 1979 ,
1343 1928 1468 1987 pete
1504 1934 1534 1967 a
1571 1934 1658 1967 me
1689 1916 1813 1987 quis
1840 1918 1906 1967 sit
1938 1934 2088 1968 meus
2115 1915 2209 1967 ab·

1227 2011 1378 2055 avus,
1396 2011 1505 2044 non
1523 1992 1678 2045 facile
1693 1990 1886 2045 dicam.
1901 1993 1954 2044 Si
1970 1992 2208 2064 gradum

1229 2073 1564 2145 cognationis
1594 2091 1767 2125 unum
1803 2072 2051 2144 adjicias,
2081 2074 2212 2127 alte·

1229 2172 1355 2206 rum
1389 2152 1552 2205 etiam
1584 2190 1600 2217 ,
1638 2152 1774 2204 nihil
1809 2151 1983 2206 dicam
2016 2173 2029 2204 t
2065 2168 2211 2205 terra

1215 2234 1359 2305 filius
1401 2236 1526 2295 erit,
1561 2231 1620 2284 id
1654 2244 1773 2295 est,
1810 2234 2074 2285 obscurus
2095 2270 2110 2295 ,
2155 2243 2213 2287 et

1232 2313 1367 2366 mihi
1413 2331 1638 2384 prorsus
1683 2314 1995 2386 incognitus
2033 2333 2046 2365 t
2101 2327 2214 2367 tarn.

1230 2393 1400 2463 igitur
1424 2392 1640 2445 Manius
1674 2393 1777 2446 crit
1809 2385 1942 2445 mi‘hi
1977 2395 2131 2446 heres
2157 2406 2216 2446 et
2280 2401 2284 2412 '

1230 2472 1576 2545 propinquus
1597 2474 1866 2545 quispiam
1893 2487 2097 2526 remota
2122 2479 2214 2526 co-’

1231 2553 1484 2624 gnatione
1501 2553 1711 2617 affinis,
1735 2553 1804 2606 de
1839 2574 1952 2627 quo
1982 2553 2215 2626 perinde

1236 2631 1486 2684 dubitare
1515 2633 1648 2684 mihi
1683 2635 1758 2686 fas
1793 2634 1862 2686 sit
1897 2653 1956 2686 ac
1991 2634 2060 2687 cle
2095 2637 2213 2686 Ma-

1236 2714 1351 2766 nio,
1368 2745 1442 2755 --
1458 2718 1670 2780 Quartus
1691 2729 1856 2780 pater.
1879 2715 2112 2767 Abavus.
2141 2717 2207 2767 A.

1278 2793 1395 2848 x58.
1423 2797 1566 2858 Adde
1585 2799 1731 2846 etiam
1757 2801 1944 2864 unum.]
1960 2797 2209 2849 Atavum.

1310 2872 1391 2943 59.
1425 2881 1580 2926 Unum
1603 2879 1786 2944 etiam]
1811 2877 2119 2928 Tritavum.
2140 2907 2212 2918 --

1240 2960 1402 3006 Ter-ree
1415 2956 1528 3024 jam
1568 2968 1640 3005 est
1661 2958 1846 3026 filius]
1884 2955 2083 3008 Probat
2121 2973 2213 3008 co·

1236 3048 1470 3107 gnatum,
1508 3035 1608 3086 sibi
1649 3036 1894 3088 Manium
1940 3054 2067 3088 esse.
2107 3035 2213 3089 Co-

1236 3117 1383 3188 gnati
1409 3115 1698 3178 dicuntur‚
1721 3116 1984 3186 inquiunt
2009 3117 2217 3169 Masuri

1236 3196 1470 3248 rubricae
1488 3233 1504 3259 ‚
1533 3196 1626 3265 qui
1660 3197 1718 3248 in
1753 3213 1864 3248 uno
1891 3197 2053 3248 tertio
2081 3210 2215 3249 con·-

1237 3276 1473 3330 veniunt
1500 3295 1514 3327 ε
1550 3295 1759 3348 porro,
1793 3277 2024 3332 tritavus
2060 3295 2216 3330 meus

240 3443 312 3488 V.
340 3441 371 3488 5
371 3441 424 3520 ἕ
446 3439 601 3486 Haud
607 3451 835 3503 prompte
854 3439 1031 3486 dicam.
1054 3441 1233 3488 Tamen
1253 3439 1397 3487 adde.
1419 3439 1499 3488 Sic
1517 3438 1810 3503 interpunxi
1831 3455 1896 3487 ex
1915 3441 2086 3511 codice
2104 3456 2218 3488 meo

168 3531 218 3568 et
243 3519 383 3572 editt.
404 3519 625 3582 antiquis
645 3518 869 3567 Britann.
888 3529 946 3566 et
965 3519 1167 3568 Aldina.
1188 3521 1305 3568 Vct.
1328 3517 1484 3567 schol.
1512 3519 1778 3567 Casaub'et
1795 3520 2096 3567 recentiores
2115 3521 2216 3567 sic:

171 3598 316 3646 haud
334 3609 597 3666 prompte,
628 3597 792 3645 dicam
826 3596 1004 3646 canien.
1037 3599 1211 3655 Adde,
1232 3608 1320 3646 etc.
1356 3599 1531 3647 Minus
1562 3600 1756 3664 elegans
1785 3599 1912 3646 forte
1945 3609 2018 3646 est
2049 3609 2220 3648 nostra

172 3679 333 3726 lectio
347 3713 364 3740 ,
386 3677 475 3725 sed
496 3677 717 3724 lucidior
742 3687 790 3724 et
813 3676 875 3724 ad
896 3693 999 3743 rem
1024 3677 1201 3740 aptior.

240 3769 310 3814 V.
349 3765 433 3828 59.
466 3766 624 3812 Unum
657 3763 835 3822 etiam,
863 3775 950 3812 etc.
984 3765 1078 3812 Hic
1104 3779 1279 3812 versus
1315 3763 1371 3811 in
1403 3764 1550 3812 codd.
1580 3766 1808 3812 Puteano
1839 3775 1888 3818 et
1907 3764 2186 3814 Pithoeano
2204 3800 2220 3826 ,

173 3849 309 3907 8072
345 3847 513 3904 abest,
540 3856 592 3892 et
628 3847 791 3910 reipsa
812 3880 829 3906 ‚
862 3846 1001 3894 salvo
1036 3861 1215 3904 sensu,
1254 3855 1420 3909 potest
1460 3844 1630 3909 rejici3
1659 3848 1848 3912 quippe
1881 3847 1971 3910 qni
2007 3847 2221 3910 glossam

178 3927 419 3980 redoleat.
448 3929 525 3973 Ita
546 3927 821 3990 legeremus
842 3943 854 3972 ε
885 3936 1052 3974 tamen
1071 3925 1197 3972 adde
1216 3927 1364 3972 etiam
1386 3941 1548 3972 unum
1562 3958 1578 3984 ‚
1601 3925 1796 3990 ajouter.
1802 3944 1848 3988 y
1867 3927 2143 3992 cepe-radant
2158 3943 2231 3976 un

178 4005 287 4052 seul
304 4004 481 4070 ἀρφ-ἑ,
508 4005 713 4053 Manius
737 4004 845 4052 exit
872 4015 997 4052 tunc
1022 4020 1182 4069 prope
1210 4004 1368 4069 major
1395 4004 1678 4053 avunculus
1695 4037 1710 4064 ‚
1733 4014 1826 4054 etc.

1796 4111 1871 4152 12
