2775 4619
599 505 639 572 8
818 501 1231 570 SATIRAE
1282 498 1658 565 PRIMAE
1704 497 2454 570 ARGUMENTUM.

594 629 738 689 ciles
755 640 814 688 et
834 641 1069 686 tenuem
1087 645 1299 683 sonum
1317 624 1556 682 edentes
1577 643 1782 696 voces;
1807 625 1869 682 in
1886 623 2283 696 auditoribus,
2306 627 2618 706 applausus

594 735 808 794 nimios
846 745 906 791 et
943 730 1303 800 inconditos,
1331 730 1560 787 lascivis
1595 730 1855 788 motibus
1893 750 2234 809 expressos,
2269 745 2329 790 et
2367 734 2618 792 scelestae

594 840 887 900 recitantis
926 835 1309 916 impudicitiae
1354 836 1518 903 mire¹
1557 848 1974 896 consentaneos
2010 859 2024 894 ε
2070 858 2202 915 quae
2242 841 2438 897 omnia
2477 841 2618 899 salse

592 945 919 1006 admodum
955 958 1015 1002 et
1054 944 1280 1002 satirice
1322 944 1614 1022 exagitans
1655 945 1941 1022 percurrit
1975 946 2234 1016 Persius,
2267 929 2328 1004 in
2360 947 2471 1004 bac
2501 947 2615 1004 fes-

590 1037 872 1110 tirissima
904 1049 1073 1118 satira
1091 1093 1108 1120 ‚
1134 1045 1197 1108 in
1220 1069 1338 1128 qua
1355 1093 1372 1120 ‚
1403 1045 1514 1109 sub
1553 1046 1744 1127 specie
1782 1066 1956 1107 suum
1985 1049 2060 1106 de
2087 1050 2276 1108 satiris
2303 1050 2618 1109 scribendis

592 1136 905 1220 consilium
935 1155 1303 1224 declarandi,
1331 1154 1426 1212 vel
1455 1154 1653 1232 potius
1683 1174 1815 1212 suas
1843 1167 2036 1232 partes
2066 1141 2268 1214 contra
2293 1151 2493 1214 futiles
2519 1156 2618 1213 ad-

590 1262 827 1320 versarii
867 1260 1175 1340 cujusdam
1216 1259 1644 1321 observationes
1687 1260 2079 1332 defendendi,
2115 1259 2300 1321 malos
2340 1261 2432 1317 sui
2469 1273 2618 1318 tem—

590 1368 751 1447 poris
778 1371 979 1445 poetas
996 1409 1013 1437 ‚
1038 1379 1096 1424 et
1122 1365 1410 1444 imprimis
1437 1369 1732 1424 Neronem
1757 1366 1952 1444 ipsum
1981 1365 2392 1444 imperatorem
2414 1387 2618 1425 eorum

591 1473 971 1551 coryphaeum
1015 1472 1199 1550 carpit
1250 1484 1427 1549 atque
1472 1469 1764 1530 dilacerat.
1819 1472 1996 1529 Istius
2040 1472 2228 1530 simile
2277 1473 2397 1531 fere
2441 1493 2618 1552 argu-

588 1591 859 1637 mentum
890 1577 1075 1636 satirae
1099 1577 1430 1641 Horatianae
1446 1619 1464 1648 ‚
1494 1576 1600 1634 lib.
1635 1581 1694 1634 Π
1715 1621 1732 1649 ,
1765 1589 1870 1634 sat.
1907 1598 1932 1634 1
1955 1600 1972 1650 3
2003 1577 2268 1636 similiter
2292 1577 2519 1636 accedit
2543 1579 2618 1636 ad

584 1685 838 1764 primam
876 1684 1061 1742 nostri
1084 1683 1381 1742 ,Iuvenalis
1415 1705 1428 1739 ε
1469 1683 1572 1741 sed
1611 1683 1876 1741 diversus
1915 1684 2154 1762 utrique
2183 1684 2294 1742 fuit
2333 1685 2617 1742 tractandi

586 1790 821 1849 modus.
864 1791 1175 1848 Horatiana
1218 1792 1390 1848 satira
1433 1791 1508 1848 ad
1547 1796 1781 1867 poetam
1823 1791 2054 1869 ipsum,
2098 1803 2156 1848 et
2199 1791 2276 1848 ad
2329 1810 2508 1850 suum
2558 1791 2635 1859 in⁸

516 1911 524 1918 ⁹
584 1895 945 1954 adversarios
984 1897 1193 1954 odium
1232 1895 1353 1954 fere
1397 1908 1520 1954 tota
1561 1897 1834 1976 respicit;
1873 1909 1932 1954 et
1973 1909 2062 1954 est
2105 1909 2300 1955 tamen
2331 1898 2482 1976 jocis
2525 1896 2636 1956 re-'

586 2003 736 2061 ferta
778 2013 839 2061 et
880 2001 1083 2061 festiva
1101 2046 1119 2075 ‚
1155 2016 1331 2082 atque
1374 2005 1552 2060 etiam
1586 2004 1868 2062 Persianae
1905 2004 2060 2082 stylo
2097 2004 2362 2083 superior
2391 2026 2408 2061 τ
2448 2004 2618 2062 satira

581 2108 882 2168 Juvenalis
912 2110 985 2167 ad
1012 2129 1206 2167 mores
1238 2109 1584 2187 depravatos
1611 2111 2046 2182 Romanorum3
2077 2122 2164 2168 est
2202 2110 2498 2188 gravitatis
2514 2153 2532 2181 ‚
2561 2123 2620 2168 et
2713 2171 2718 2178 .

581 2213 1001 2292 indignationis
1028 2216 1229 2292 plena;
1254 2205 1502 2274 formam
1534 2216 1844 2275 oratoriam
1872 2236 1992 2294 prae
2019 2235 2080 2272 se
2108 2215 2251 2285 fert,
2277 2228 2346 2273 ut
2372 2215 2620 2274 decebat

584 2340 737 2397 opus
788 2322 1155 2378 satiricorum
1202 2321 1482 2401 principis
1499 2365 1516 2393 ‚
1555 2322 1808 2401 publicae
1853 2320 2140 2379 libertatis
2183 2341 2248 2379 ac
2289 2321 2619 2400 disciplinae

578 2426 905 2484 defensoris
950 2428 1217 2485 acerrimi
1254 2450 1267 2484 :
1312 2429 1578 2488 Persiana
1623 2443 1820 2487 autem
1867 2428 2140 2507 sapientis
2185 2440 2248 2485 et
2287 2428 2620 2487 litterarum

578 2531 961 2589 amantissimi
988 2552 1057 2590 ac
1087 2530 1482 2613 pbilosophiae'
1513 2534 1735 2592 alumni
1777 2552 1930 2609 opus
1970 2543 2089 2602 est,
2121 2534 2226 2610 qui
2267 2547 2617 2613 corruptum

477 2686 488 2696 .
580 2656 911 2695 sermonem
936 2654 1058 2695 non
1080 2640 1275 2698 minus
1297 2640 1490 2711 dolet,
1517 2637 1696 2718 quam
1718 2658 1909 2695 mores
1934 2637 2212 2716 perditos.
2235 2634 2451 2697 Sensus
2475 2641 2616 2699 inde

576 2755 772 2801 rect-us
792 2788 809 2815 ‚
832 2744 1127 2822 judicium
1156 2760 1424 2805 severum
1444 2791 1460 2817 ,
1493 2746 1676 2805 ironia
1703 2745 1850 2801 salsa
1885 2756 1944 2801 et
1982 2733 2226 2803 mordax
2252 2744 2582 2823 aliquando
2599 2792 2615 2819 ,
2684 2793 2688 2801 .

576 2861 833 2907 attamen
850 2852 1050 2931 jocosa
1080 2865 1141 2911 et
1170 2864 1488 2933 temperata
1504 2895 1521 2923 ‚
1546 2853 1609 2910 in
1641 2852 1743 2909 illa
1770 2854 1940 2909 satira
1961 2852 2336 2929 potissimum
2359 2852 2615 2931 fulgent.

578 2956 871 3013 Caeterum
892 2999 909 3026 ,
944 2958 992 3013 si
1030 2970 1247 3019 attente
1282 2956 1658 3037 perpenderis
1696 2970 1755 3015 et
1801 2978 1874 3015 ex
1909 2970 2110 3016 nostro
2151 2960 2582 3017 commentario
2597 3003 2615 3031 ,

576 3072 639 3116 et
684 3077 759 3117 ex
798 3062 1001 3121 211‘ost1a
1050 3064 1270 3142 dialogi
1318 3064 1505 3121 forma
1558 3077 1618 3121 et
1667 3064 2043 3125 distinctione
2070 3107 2087 3136 ‚
2135 3085 2258 3123 non
2303 3076 2616 3143 tantopere

575 3164 861 3223 obscurus
878 3169 1175 3227 videbitur
1194 3181 1418 3238 noster,
1437 3180 1798 3246 quantopere
1823 3168 1938 3227 sibi
1953 3171 2248 3228 finxerunt
2263 3170 2617 3248 interpretes
2635 3210 2640 3215 ·

572 3272 846 3354 nonnulli
864 3293 891 3361 ξ.
913 3270 1083 3344 ciim',
1122 3274 1170 3330 si
1211 3292 1404 3331 unum
1439 3275 1734 3352 exceperis
1774 3263 1976 3335 locum
2009 3274 2078 3360 (a
2105 3295 2277 3333 versu
2309 3274 2380 3333 50
2411 3296 2614 3354 usque

572 3374 648 3433 ad
679 3376 753 3433 53
775 3418 793 3447 ‚
822 3400 1003 3456 quem
1032 3378 1299 3456 suspicor
1326 3378 1745 3457 interpolatum
1762 3424 1779 3451 ‚
1809 3394 1911 3438 aut
1936 3382 2314 3439 immutatum
2345 3394 2406 3439 et
2433 3393 2614 3440 trun-

571 3492 768 3539 catum
790 3523 807 3551 ‚
849 3484 1058 3543 timore
1108 3483 1357 3541 Neronis
1377 3527 1395 3554 ‚
1437 3505 1472 3541 a
1523 3488 1786 3543 Cornuto
1807 3528 1825 3557 ‚
1862 3486 1954 3545 vel
1999 3506 2033 3543 a
2077 3490 2252 3545 Basso
2286 3486 2615 3545 'satirarum

568 3585 968 3671 Persianatjum
996 3587 1219 3645 editore
1243 3589 1508 3667 primo),
1539 3592 1736 3651 omnia
1763 3612 1932 3669 aeque
1957 3592 2092 3663 tibi,
2123 3593 2400 3670 inquam,
2424 3591 2614 3671 plana

570 3701 629 3746 et
668 3691 971 3749 intellectu
1013 3691 1289 3753 facillima
1328 3696 1728 3771 videbuntur3
1763 3710 1822 3756 et
1836 3740 1854 3768 ,
1879 3710 1950 3756 ut
1985 3670 2158 3775 spero
2179 3740 2200 3769 ,
2239 3696 2374 3757 luce
2417 3697 2608 3757 etiam

570 3794 815 3855 clariora
840 3796 1146 3856 lucebunt.
1702 3792 1713 3807 ⁸
