<?xml version="1.0" encoding="UTF-8"?>
<!DOCTYPE html PUBLIC "-//W3C//DTD XHTML 1.0 Transitional//EN"
    "http://www.w3.org/TR/xhtml1/DTD/xhtml1-transitional.dtd">
<html xmlns="http://www.w3.org/1999/xhtml" xml:lang="en" lang="en">
 <head>
  <title>
</title>
<meta http-equiv="Content-Type" content="text/html;charset=utf-8" />
  <meta name='ocr-system' content='tesseract 3.04.00' />
  <meta name='ocr-capabilities' content='ocr_page ocr_carea ocr_par ocr_line ocrx_word'/>
</head>
<body>
  <div class='ocr_page' id='page_1' title='image "aulipersiiflacc00achagoog_0273.png"; bbox 0 0 2775 4619; ppageno 0'>
   <div class='ocr_carea' id='block_1_1' title="bbox 492 455 2203 553">
    <p class='ocr_par' dir='ltr' id='par_1_1' title="bbox 492 455 2203 553">
     <span class='ocr_line' id='line_1_1' title="bbox 492 455 2203 553; baseline 0.004 -29"><span class='ocrx_word' id='word_1_1' title='bbox 492 457 629 525; x_wconf 84' lang='lat' dir='ltr'><strong>Ex</strong></span> <span class='ocrx_word' id='word_1_2' title='bbox 665 455 1124 525; x_wconf 85' lang='lat' dir='ltr'>INCERTO</span> <span class='ocrx_word' id='word_1_3' title='bbox 1172 458 1490 527; x_wconf 85' lang='lat' dir='ltr'><strong>SATIR.</strong></span> <span class='ocrx_word' id='word_1_4' title='bbox 1539 460 1870 534; x_wconf 83' lang='lat' dir='ltr'><strong>LIBRO.</strong></span> <span class='ocrx_word' id='word_1_5' title='bbox 1909 503 1923 514; x_wconf 88' lang='lat'><strong>·</strong></span> <span class='ocrx_word' id='word_1_6' title='bbox 2073 487 2203 553; x_wconf 82' lang='lat'><strong>229</strong></span> 
     </span>
    </p>
   </div>
   <div class='ocr_carea' id='block_1_2' title="bbox 153 584 2088 3277">
    <p class='ocr_par' dir='ltr' id='par_1_2' title="bbox 153 584 2088 3277">
     <span class='ocr_line' id='line_1_2' title="bbox 225 584 1925 665; baseline -0.002 -17"><span class='ocrx_word' id='word_1_7' title='bbox 225 584 426 648; x_wconf 83' lang='lat' dir='ltr'><strong>Funis</strong></span> <span class='ocrx_word' id='word_1_8' title='bbox 452 584 612 644; x_wconf 85' lang='lat' dir='ltr'><strong>enim</strong></span> <span class='ocrx_word' id='word_1_9' title='bbox 638 585 904 663; x_wconf 83' lang='lat' dir='ltr'><strong>praecisu’</strong></span> <span class='ocrx_word' id='word_1_10' title='bbox 930 584 1048 644; x_wconf 91' lang='lat' dir='ltr'><strong>cito</strong></span> <span class='ocrx_word' id='word_1_11' title='bbox 1065 629 1084 657; x_wconf 90' lang='lat'>‚</span> <span class='ocrx_word' id='word_1_12' title='bbox 1109 597 1290 664; x_wconf 87' lang='lat' dir='ltr'><strong>atque</strong></span> <span class='ocrx_word' id='word_1_13' title='bbox 1316 586 1576 665; x_wconf 80' lang='lat' dir='ltr'>anquina</span> <span class='ocrx_word' id='word_1_14' title='bbox 1602 587 1794 646; x_wconf 87' lang='lat' dir='ltr'><strong>soluta</strong></span> <span class='ocrx_word' id='word_1_15' title='bbox 1819 599 1925 646; x_wconf 86' lang='lat' dir='ltr'><strong>est.</strong></span> 
     </span>
     <span class='ocr_line' id='line_1_3' title="bbox 1119 685 1246 740; baseline -0.008 0"><span class='ocrx_word' id='word_1_16' title='bbox 1119 686 1181 740; x_wconf 87' lang='lat' dir='ltr'>X</span> <span class='ocrx_word' id='word_1_17' title='bbox 1197 685 1246 740; x_wconf 91' lang='lat'><strong>1.</strong></span> 
     </span>
     <span class='ocr_line' id='line_1_4' title="bbox 235 765 1797 864; baseline 0.001 -27"><span class='ocrx_word' id='word_1_18' title='bbox 235 781 420 838; x_wconf 83' lang='lat' dir='ltr'><strong>Hanc</strong></span> <span class='ocrx_word' id='word_1_19' title='bbox 447 765 821 858; x_wconf 82' lang='lat' dir='ltr'><strong>catapiratem</strong></span> <span class='ocrx_word' id='word_1_20' title='bbox 849 799 998 858; x_wconf 87' lang='lat' dir='ltr'><strong>puer</strong></span> <span class='ocrx_word' id='word_1_21' title='bbox 1023 779 1232 839; x_wconf 89' lang='lat' dir='ltr'><strong>eodem</strong></span> <span class='ocrx_word' id='word_1_22' title='bbox 1259 778 1481 838; x_wconf 83' lang='lat' dir='ltr'><strong>deferat</strong></span> <span class='ocrx_word' id='word_1_23' title='bbox 1498 823 1515 852; x_wconf 89' lang='lat'>‚</span> <span class='ocrx_word' id='word_1_24' title='bbox 1538 799 1763 864; x_wconf 87' lang='lat' dir='ltr'><strong>uncum</strong></span> <span class='ocrx_word' id='word_1_25' title='bbox 1779 822 1797 852; x_wconf 88' lang='lat'>‚</span> 
     </span>
     <span class='ocr_line' id='line_1_5' title="bbox 240 876 1637 956; baseline -0.001 -21"><span class='ocrx_word' id='word_1_26' title='bbox 240 876 494 936; x_wconf 87' lang='lat' dir='ltr'><strong>Plumhi</strong></span> <span class='ocrx_word' id='word_1_27' title='bbox 520 876 808 956; x_wconf 73' lang='lat' dir='ltr'><strong>paxillum</strong></span> <span class='ocrx_word' id='word_1_28' title='bbox 829 877 1011 935; x_wconf 86' lang='lat' dir='ltr'><strong>rodus</strong></span> <span class='ocrx_word' id='word_1_29' title='bbox 1032 920 1049 949; x_wconf 90' lang='lat'>,</span> <span class='ocrx_word' id='word_1_30' title='bbox 1071 877 1300 955; x_wconf 87' lang='lat' dir='ltr'><strong>linique</strong></span> <span class='ocrx_word' id='word_1_31' title='bbox 1327 889 1637 937; x_wconf 74' lang='lat' dir='ltr'><strong>metuam.</strong></span> 
     </span>
     <span class='ocr_line' id='line_1_6' title="bbox 1093 975 1482 1032; baseline -0.003 0"><span class='ocrx_word' id='word_1_32' title='bbox 1093 976 1153 1032; x_wconf 89' lang='lat' dir='ltr'>X</span> <span class='ocrx_word' id='word_1_33' title='bbox 1170 977 1200 1030; x_wconf 92' lang='lat'>1</span> <span class='ocrx_word' id='word_1_34' title='bbox 1223 977 1272 1031; x_wconf 87' lang='lat'><strong>1.</strong></span> <span class='ocrx_word' id='word_1_35' title='bbox 1295 1018 1302 1030; x_wconf 57' lang='lat'><strong>.</strong></span> <span class='ocrx_word' id='word_1_36' title='bbox 1334 982 1338 986; x_wconf 86' lang='lat'>&#39;</span> <span class='ocrx_word' id='word_1_37' title='bbox 1478 975 1482 979; x_wconf 81' lang='grc'><strong>’</strong></span> 
     </span>
     <span class='ocr_line' id='line_1_7' title="bbox 245 1069 2088 1150; baseline 0.001 -21"><span class='ocrx_word' id='word_1_38' title='bbox 245 1070 442 1144; x_wconf 85' lang='lat' dir='ltr'><strong>Queis</strong></span> <span class='ocrx_word' id='word_1_39' title='bbox 469 1069 630 1129; x_wconf 89' lang='lat' dir='ltr'><strong>hunc</strong></span> <span class='ocrx_word' id='word_1_40' title='bbox 659 1089 890 1130; x_wconf 89' lang='lat' dir='ltr'><strong>currere</strong></span> <span class='ocrx_word' id='word_1_41' title='bbox 915 1092 1141 1150; x_wconf 87' lang='lat' dir='ltr'><strong>equum</strong></span> <span class='ocrx_word' id='word_1_42' title='bbox 1161 1090 1270 1129; x_wconf 87' lang='lat' dir='ltr'><strong>nos</strong></span> <span class='ocrx_word' id='word_1_43' title='bbox 1295 1082 1473 1149; x_wconf 83' lang='lat' dir='ltr'><strong>atque</strong></span> <span class='ocrx_word' id='word_1_44' title='bbox 1501 1073 1760 1150; x_wconf 87' lang='lat' dir='ltr'><strong>equitare</strong></span> <span class='ocrx_word' id='word_1_45' title='bbox 1782 1071 2088 1145; x_wconf 79' lang='lat' dir='ltr'><strong>videmus;</strong></span> 
     </span>
     <span class='ocr_line' id='line_1_8' title="bbox 245 1167 1852 1260; baseline -0.001 -32"><span class='ocrx_word' id='word_1_46' title='bbox 245 1167 368 1228; x_wconf 81' lang='lat' dir='ltr'><strong>His</strong></span> <span class='ocrx_word' id='word_1_47' title='bbox 393 1169 618 1246; x_wconf 88' lang='lat' dir='ltr'><strong>equitat</strong></span> <span class='ocrx_word' id='word_1_48' title='bbox 636 1212 655 1240; x_wconf 90' lang='lat'>‚</span> <span class='ocrx_word' id='word_1_49' title='bbox 684 1169 1021 1260; x_wconf 77' lang='lat' dir='ltr'><strong>curritque:</strong></span> <span class='ocrx_word' id='word_1_50' title='bbox 1052 1169 1239 1228; x_wconf 88' lang='lat' dir='ltr'><strong>oculis</strong></span> <span class='ocrx_word' id='word_1_51' title='bbox 1263 1170 1523 1248; x_wconf 74' lang='lat' dir='ltr'><strong>equitare</strong></span> <span class='ocrx_word' id='word_1_52' title='bbox 1546 1170 1812 1229; x_wconf 85' lang='lat' dir='ltr'><strong>videmus</strong></span> <span class='ocrx_word' id='word_1_53' title='bbox 1834 1189 1852 1226; x_wconf 70' lang='grc' dir='ltr'><em>ε</em></span> 
     </span>
     <span class='ocr_line' id='line_1_9' title="bbox 247 1265 898 1345; baseline 0.002 -22"><span class='ocrx_word' id='word_1_54' title='bbox 247 1267 414 1344; x_wconf 81' lang='lat' dir='ltr'><strong>Ergo</strong></span> <span class='ocrx_word' id='word_1_55' title='bbox 443 1265 633 1324; x_wconf 86' lang='lat' dir='ltr'><strong>oculis</strong></span> <span class='ocrx_word' id='word_1_56' title='bbox 659 1267 898 1345; x_wconf 89' lang='lat' dir='ltr'><strong>equitat.</strong></span> 
     </span>
     <span class='ocr_line' id='line_1_10' title="bbox 1095 1349 1311 1405; baseline -0.009 0"><span class='ocrx_word' id='word_1_57' title='bbox 1095 1349 1154 1405; x_wconf 98' lang='lat' dir='ltr'><strong>X</strong></span> <span class='ocrx_word' id='word_1_58' title='bbox 1171 1349 1200 1404; x_wconf 91' lang='grc' dir='ltr'>Ι</span> <span class='ocrx_word' id='word_1_59' title='bbox 1217 1351 1247 1404; x_wconf 92' lang='lat'>1</span> <span class='ocrx_word' id='word_1_60' title='bbox 1263 1349 1311 1403; x_wconf 89' lang='grc' dir='ltr'><strong>Ι.</strong></span> 
     </span>
     <span class='ocr_line' id='line_1_11' title="bbox 250 1440 1701 1523; baseline 0.001 -22"><span class='ocrx_word' id='word_1_61' title='bbox 250 1441 564 1502; x_wconf 82' lang='lat' dir='ltr'><strong>Pistricem</strong></span> <span class='ocrx_word' id='word_1_62' title='bbox 585 1440 840 1500; x_wconf 85' lang='lat' dir='ltr'><strong>validam</strong></span> <span class='ocrx_word' id='word_1_63' title='bbox 866 1443 915 1502; x_wconf 86' lang='lat' dir='ltr'><strong>si</strong></span> <span class='ocrx_word' id='word_1_64' title='bbox 941 1444 1172 1502; x_wconf 90' lang='lat' dir='ltr'><strong>nummi</strong></span> <span class='ocrx_word' id='word_1_65' title='bbox 1201 1442 1663 1523; x_wconf 84' lang='lat' dir='ltr'><strong>suppeditabunt</strong></span> <span class='ocrx_word' id='word_1_66' title='bbox 1683 1485 1701 1515; x_wconf 87' lang='lat'><strong>,</strong></span> 
     </span>
     <span class='ocr_line' id='line_1_12' title="bbox 254 1539 1843 1620; baseline 0 -22"><span class='ocrx_word' id='word_1_67' title='bbox 254 1540 466 1599; x_wconf 74' lang='lat' dir='ltr'><strong>Addas</strong></span> <span class='ocrx_word' id='word_1_68' title='bbox 493 1539 842 1619; x_wconf 83' lang='lat' dir='ltr'><strong>empleuron</strong></span> <span class='ocrx_word' id='word_1_69' title='bbox 857 1582 874 1611; x_wconf 91' lang='lat'><strong>,</strong></span> <span class='ocrx_word' id='word_1_70' title='bbox 902 1539 1272 1618; x_wconf 80' lang='lat' dir='ltr'><strong>mamphulas</strong></span> <span class='ocrx_word' id='word_1_71' title='bbox 1294 1561 1429 1620; x_wconf 86' lang='lat' dir='ltr'><strong>quae</strong></span> <span class='ocrx_word' id='word_1_72' title='bbox 1453 1541 1595 1599; x_wconf 87' lang='lat' dir='ltr'><strong>sciat</strong></span> <span class='ocrx_word' id='word_1_73' title='bbox 1620 1559 1843 1601; x_wconf 83' lang='lat' dir='ltr'><strong>omues.</strong></span> 
     </span>
     <span class='ocr_line' id='line_1_13' title="bbox 1098 1640 1291 1696; baseline 0 0"><span class='ocrx_word' id='word_1_74' title='bbox 1098 1642 1160 1696; x_wconf 87' lang='lat' dir='ltr'>X</span> <span class='ocrx_word' id='word_1_75' title='bbox 1177 1640 1206 1695; x_wconf 91' lang='grc' dir='ltr'>Ι</span> <span class='ocrx_word' id='word_1_76' title='bbox 1217 1641 1291 1696; x_wconf 88' lang='lat' dir='ltr'><strong>V.</strong></span> 
     </span>
     <span class='ocr_line' id='line_1_14' title="bbox 153 1719 1884 1803; baseline 0.001 -11"><span class='ocrx_word' id='word_1_77' title='bbox 153 1799 160 1803; x_wconf 54' lang='grc'><em>,</em></span> <span class='ocrx_word' id='word_1_78' title='bbox 252 1733 335 1793; x_wconf 80' lang='lat' dir='ltr'><strong>Et</strong></span> <span class='ocrx_word' id='word_1_79' title='bbox 354 1732 606 1793; x_wconf 84' lang='lat' dir='ltr'><strong>velutin</strong></span> <span class='ocrx_word' id='word_1_80' title='bbox 629 1733 910 1793; x_wconf 85' lang='lat' dir='ltr'><strong>fabricam</strong></span> <span class='ocrx_word' id='word_1_81' title='bbox 937 1735 1163 1794; x_wconf 85' lang='lat' dir='ltr'><strong>fervens</strong></span> <span class='ocrx_word' id='word_1_82' title='bbox 1185 1737 1322 1794; x_wconf 74' lang='lat' dir='ltr'><strong>cum</strong></span> <span class='ocrx_word' id='word_1_83' title='bbox 1351 1719 1635 1795; x_wconf 80' lang='lat' dir='ltr'><strong>marculu&#39;</strong></span> <span class='ocrx_word' id='word_1_84' title='bbox 1660 1734 1884 1794; x_wconf 84' lang='lat' dir='ltr'><strong>ferrum</strong></span> 
     </span>
     <span class='ocr_line' id='line_1_15' title="bbox 254 1831 1720 1912; baseline 0 -22"><span class='ocrx_word' id='word_1_85' title='bbox 254 1831 596 1896; x_wconf 77' lang='lat' dir='ltr'><strong>Multorum</strong></span> <span class='ocrx_word' id='word_1_86' title='bbox 624 1833 849 1912; x_wconf 83' lang='lat' dir='ltr'><strong>magnis</strong></span> <span class='ocrx_word' id='word_1_87' title='bbox 874 1832 1255 1892; x_wconf 87' lang='lat' dir='ltr'><strong>tuditantium</strong></span> <span class='ocrx_word' id='word_1_88' title='bbox 1277 1833 1481 1892; x_wconf 86' lang='lat' dir='ltr'><strong>ictibu’</strong></span> <span class='ocrx_word' id='word_1_89' title='bbox 1506 1832 1720 1893; x_wconf 85' lang='lat' dir='ltr'><strong>tundit.</strong></span> 
     </span>
     <span class='ocr_line' id='line_1_16' title="bbox 1118 1933 1268 1989; baseline -0.007 0"><span class='ocrx_word' id='word_1_90' title='bbox 1118 1933 1178 1989; x_wconf 89' lang='lat' dir='ltr'>X</span> <span class='ocrx_word' id='word_1_91' title='bbox 1252 1973 1268 1988; x_wconf 96' lang='lat'><strong>.</strong></span> 
     </span>
     <span class='ocr_line' id='line_1_17' title="bbox 261 1935 2031 2104; baseline 0 -20"><span class='ocrx_word' id='word_1_92' title='bbox 261 2025 531 2099; x_wconf 79' lang='lat' dir='ltr'><strong>Quidni?</strong></span> <span class='ocrx_word' id='word_1_93' title='bbox 555 2026 630 2083; x_wconf 84' lang='lat' dir='ltr'><strong>Et</strong></span> <span class='ocrx_word' id='word_1_94' title='bbox 655 2038 848 2084; x_wconf 87' lang='lat' dir='ltr'><strong>scruta</strong></span> <span class='ocrx_word' id='word_1_95' title='bbox 873 2024 1116 2104; x_wconf 86' lang='lat' dir='ltr'><strong>quidem</strong></span> <span class='ocrx_word' id='word_1_96' title='bbox 1142 1935 1251 2086; x_wconf 85' lang='lat' dir='ltr'><strong>utV</strong></span> <span class='ocrx_word' id='word_1_97' title='bbox 1235 2027 1451 2087; x_wconf 84' lang='lat' dir='ltr'><strong>vendat</strong></span> <span class='ocrx_word' id='word_1_98' title='bbox 1476 2025 1777 2085; x_wconf 83' lang='lat' dir='ltr'><strong>scrutariu’</strong></span> <span class='ocrx_word' id='word_1_99' title='bbox 1799 2009 2031 2098; x_wconf 80' lang='lat' dir='ltr'><strong>laudat,</strong></span> 
     </span>
     <span class='ocr_line' id='line_1_18' title="bbox 262 2122 1955 2204; baseline 0 -20"><span class='ocrx_word' id='word_1_100' title='bbox 262 2125 633 2184; x_wconf 81' lang='lat' dir='ltr'><strong>Praefractam</strong></span> <span class='ocrx_word' id='word_1_101' title='bbox 663 2123 946 2204; x_wconf 77' lang='lat' dir='ltr'><strong>strigilem</strong></span> <span class='ocrx_word' id='word_1_102' title='bbox 959 2166 978 2198; x_wconf 89' lang='lat'>,</span> <span class='ocrx_word' id='word_1_103' title='bbox 1008 2123 1230 2184; x_wconf 83' lang='lat' dir='ltr'><strong>soleam</strong></span> <span class='ocrx_word' id='word_1_104' title='bbox 1254 2125 1549 2204; x_wconf 88' lang='lat' dir='ltr'><strong>improbu’</strong></span> <span class='ocrx_word' id='word_1_105' title='bbox 1572 2122 1955 2184; x_wconf 86' lang='lat' dir='ltr'><strong>dimidiatam.</strong></span> 
     </span>
     <span class='ocr_line' id='line_1_19' title="bbox 1108 2225 1294 2281; baseline 0 -1"><span class='ocrx_word' id='word_1_106' title='bbox 1108 2225 1232 2280; x_wconf 88' lang='lat' dir='ltr'><strong>XV</strong></span> <span class='ocrx_word' id='word_1_107' title='bbox 1244 2226 1294 2281; x_wconf 90' lang='lat' dir='ltr'><strong>I.</strong></span> 
     </span>
     <span class='ocr_line' id='line_1_20' title="bbox 264 2319 1956 2400; baseline -0.001 -20"><span class='ocrx_word' id='word_1_108' title='bbox 264 2325 503 2381; x_wconf 75' lang='lat' dir='ltr'><strong>Aurum</strong></span> <span class='ocrx_word' id='word_1_109' title='bbox 528 2332 706 2400; x_wconf 88' lang='lat' dir='ltr'><strong>atque</strong></span> <span class='ocrx_word' id='word_1_110' title='bbox 732 2319 974 2380; x_wconf 87' lang='lat' dir='ltr'><strong>ambitio</strong></span> <span class='ocrx_word' id='word_1_111' title='bbox 1001 2321 1298 2400; x_wconf 79' lang='lat' dir='ltr'><strong>specimen</strong></span> <span class='ocrx_word' id='word_1_112' title='bbox 1317 2320 1549 2379; x_wconf 78' lang='lat' dir='ltr'><strong>virmtis</strong></span> <span class='ocrx_word' id='word_1_113' title='bbox 1569 2320 1806 2399; x_wconf 84' lang='lat' dir='ltr'><strong>utrique</strong></span> <span class='ocrx_word' id='word_1_114' title='bbox 1833 2332 1956 2379; x_wconf 84' lang='lat' dir='ltr'><strong>est:</strong></span> 
     </span>
     <span class='ocr_line' id='line_1_21' title="bbox 267 2416 1941 2501; baseline -0.001 -24"><span class='ocrx_word' id='word_1_115' title='bbox 267 2424 576 2493; x_wconf 87' lang='lat' dir='ltr'><strong>Quantum</strong></span> <span class='ocrx_word' id='word_1_116' title='bbox 600 2416 814 2477; x_wconf 86' lang='lat' dir='ltr'><strong>habeas</strong></span> <span class='ocrx_word' id='word_1_117' title='bbox 830 2464 849 2493; x_wconf 91' lang='lat'>‚</span> <span class='ocrx_word' id='word_1_118' title='bbox 870 2419 1014 2477; x_wconf 89' lang='lat' dir='ltr'><strong>tanti</strong></span> <span class='ocrx_word' id='word_1_119' title='bbox 1043 2419 1169 2497; x_wconf 89' lang='lat' dir='ltr'><strong>ipse</strong></span> <span class='ocrx_word' id='word_1_120' title='bbox 1199 2419 1308 2476; x_wconf 86' lang='lat' dir='ltr'><strong>sies</strong></span> <span class='ocrx_word' id='word_1_121' title='bbox 1323 2462 1341 2490; x_wconf 89' lang='lat'><strong>,</strong></span> <span class='ocrx_word' id='word_1_122' title='bbox 1371 2419 1643 2501; x_wconf 81' lang='lat' dir='ltr'><strong>tantique</strong></span> <span class='ocrx_word' id='word_1_123' title='bbox 1658 2417 1941 2477; x_wconf 82' lang='lat' dir='ltr'><strong>habearis.</strong></span> 
     </span>
     <span class='ocr_line' id='line_1_22' title="bbox 896 2517 1530 2575; baseline -0.003 -1"><span class='ocrx_word' id='word_1_124' title='bbox 896 2519 1022 2575; x_wconf 87' lang='lat' dir='ltr'><strong>XV</strong></span> <span class='ocrx_word' id='word_1_125' title='bbox 1035 2518 1064 2572; x_wconf 87' lang='lat'>1</span> <span class='ocrx_word' id='word_1_126' title='bbox 1082 2518 1111 2571; x_wconf 91' lang='lat'>1</span> <span class='ocrx_word' id='word_1_127' title='bbox 1147 2528 1206 2574; x_wconf 88' lang='lat' dir='ltr'><strong>et</strong></span> <span class='ocrx_word' id='word_1_128' title='bbox 1241 2518 1368 2574; x_wconf 87' lang='lat' dir='ltr'><strong>XV</strong></span> <span class='ocrx_word' id='word_1_129' title='bbox 1381 2518 1411 2571; x_wconf 97' lang='lat' dir='ltr'>I</span> <span class='ocrx_word' id='word_1_130' title='bbox 1429 2519 1459 2572; x_wconf 92' lang='lat'>1</span> <span class='ocrx_word' id='word_1_131' title='bbox 1481 2517 1530 2572; x_wconf 93' lang='lat'><strong>1.</strong></span> 
     </span>
     <span class='ocr_line' id='line_1_23' title="bbox 271 2611 1706 2689; baseline -0.003 -15"><span class='ocrx_word' id='word_1_132' title='bbox 271 2618 430 2674; x_wconf 73' lang='lat' dir='ltr'><strong>Ante</strong></span> <span class='ocrx_word' id='word_1_133' title='bbox 457 2613 612 2673; x_wconf 84' lang='lat' dir='ltr'><strong>fores</strong></span> <span class='ocrx_word' id='word_1_134' title='bbox 635 2624 836 2673; x_wconf 88' lang='lat' dir='ltr'><strong>autem</strong></span> <span class='ocrx_word' id='word_1_135' title='bbox 856 2656 873 2685; x_wconf 92' lang='lat'><strong>,</strong></span> <span class='ocrx_word' id='word_1_136' title='bbox 904 2624 964 2671; x_wconf 89' lang='lat' dir='ltr'><strong>et</strong></span> <span class='ocrx_word' id='word_1_137' title='bbox 990 2611 1205 2670; x_wconf 78' lang='lat' dir='ltr'><strong>triclini</strong></span> <span class='ocrx_word' id='word_1_138' title='bbox 1231 2611 1435 2669; x_wconf 83' lang='lat' dir='ltr'><strong>limina</strong></span> <span class='ocrx_word' id='word_1_139' title='bbox 1461 2611 1706 2689; x_wconf 89' lang='lat' dir='ltr'><strong>quidam</strong></span> 
     </span>
     <span class='ocr_line' id='line_1_24' title="bbox 187 2708 1610 2788; baseline -0.005 -16"><span class='ocrx_word' id='word_1_140' title='bbox 187 2716 198 2723; x_wconf 83' lang='lat'><strong>&#39;</strong></span> <span class='ocrx_word' id='word_1_141' title='bbox 270 2711 532 2771; x_wconf 84' lang='lat' dir='ltr'><strong>Perditu’</strong></span> <span class='ocrx_word' id='word_1_142' title='bbox 553 2710 773 2769; x_wconf 86' lang='lat' dir='ltr'><strong>Tiresia</strong></span> <span class='ocrx_word' id='word_1_143' title='bbox 799 2710 942 2767; x_wconf 87' lang='lat' dir='ltr'><strong>tussi</strong></span> <span class='ocrx_word' id='word_1_144' title='bbox 968 2709 1295 2788; x_wconf 86' lang='lat' dir='ltr'><strong>grandaevu’</strong></span> <span class='ocrx_word' id='word_1_145' title='bbox 1323 2708 1610 2787; x_wconf 87' lang='lat' dir='ltr'><strong>gemebat.</strong></span> 
     </span>
     <span class='ocr_line' id='line_1_25' title="bbox 1104 2807 1308 2864; baseline -0.01 -1"><span class='ocrx_word' id='word_1_146' title='bbox 1104 2808 1164 2863; x_wconf 88' lang='lat' dir='ltr'><strong>X</strong></span> <span class='ocrx_word' id='word_1_147' title='bbox 1180 2807 1209 2862; x_wconf 91' lang='grc' dir='ltr'>Ι</span> <span class='ocrx_word' id='word_1_148' title='bbox 1228 2808 1308 2864; x_wconf 88' lang='lat' dir='ltr'><strong>X.</strong></span> 
     </span>
     <span class='ocr_line' id='line_1_26' title="bbox 272 2900 1907 2985; baseline -0.004 -20"><span class='ocrx_word' id='word_1_149' title='bbox 272 2908 621 2985; x_wconf 86' lang='lat' dir='ltr'><strong>Querquera</strong></span> <span class='ocrx_word' id='word_1_150' title='bbox 647 2906 1028 2984; x_wconf 79' lang='lat' dir='ltr'><strong>consequitur</strong></span> <span class='ocrx_word' id='word_1_151' title='bbox 1052 2904 1228 2963; x_wconf 85' lang='lat' dir='ltr'><strong>febris</strong></span> <span class='ocrx_word' id='word_1_152' title='bbox 1249 2945 1266 2973; x_wconf 92' lang='lat'>,</span> <span class='ocrx_word' id='word_1_153' title='bbox 1291 2903 1615 2981; x_wconf 82' lang='lat' dir='ltr'><strong>capitisque</strong></span> <span class='ocrx_word' id='word_1_154' title='bbox 1640 2900 1873 2961; x_wconf 82' lang='lat' dir='ltr'><strong>dolores</strong></span> <span class='ocrx_word' id='word_1_155' title='bbox 1888 2943 1907 2973; x_wconf 85' lang='lat'><em>‚</em></span> 
     </span>
     <span class='ocr_line' id='line_1_27' title="bbox 273 3000 1665 3083; baseline -0.004 -20"><span class='ocrx_word' id='word_1_156' title='bbox 273 3004 482 3063; x_wconf 82' lang='lat' dir='ltr'><strong>Infesti</strong></span> <span class='ocrx_word' id='word_1_157' title='bbox 505 3003 687 3077; x_wconf 88' lang='lat' dir='ltr'><strong>mihi,</strong></span> <span class='ocrx_word' id='word_1_158' title='bbox 715 3016 994 3083; x_wconf 87' lang='lat' dir='ltr'><strong>tanquam</strong></span> <span class='ocrx_word' id='word_1_159' title='bbox 1018 3002 1258 3060; x_wconf 86' lang='lat' dir='ltr'><strong>Rondes</strong></span> <span class='ocrx_word' id='word_1_160' title='bbox 1285 3000 1665 3078; x_wconf 82' lang='lat' dir='ltr'><strong>Icadionque.</strong></span> 
     </span>
     <span class='ocr_line' id='line_1_28' title="bbox 1130 3100 1282 3156; baseline 0 0"><span class='ocrx_word' id='word_1_161' title='bbox 1130 3100 1192 3156; x_wconf 90' lang='lat' dir='ltr'><strong>X</strong></span> <span class='ocrx_word' id='word_1_162' title='bbox 1206 3101 1282 3156; x_wconf 89' lang='lat' dir='ltr'><strong>X.</strong></span> 
     </span>
     <span class='ocr_line' id='line_1_29' title="bbox 278 3192 1789 3277; baseline -0.003 -20"><span class='ocrx_word' id='word_1_163' title='bbox 278 3201 438 3257; x_wconf 86' lang='lat' dir='ltr'><strong>Tum</strong></span> <span class='ocrx_word' id='word_1_164' title='bbox 465 3198 706 3259; x_wconf 87' lang='lat' dir='ltr'><strong>laterali’</strong></span> <span class='ocrx_word' id='word_1_165' title='bbox 735 3198 908 3257; x_wconf 90' lang='lat' dir='ltr'><strong>dolor</strong></span> <span class='ocrx_word' id='word_1_166' title='bbox 933 3195 1276 3277; x_wconf 84' lang='lat' dir='ltr'><strong>certissimu’</strong></span> <span class='ocrx_word' id='word_1_167' title='bbox 1302 3194 1535 3255; x_wconf 85' lang='lat' dir='ltr'><strong>nuntiu’</strong></span> <span class='ocrx_word' id='word_1_168' title='bbox 1562 3192 1789 3253; x_wconf 84' lang='lat' dir='ltr'><strong>mortis.</strong></span> 
     </span>
    </p>
   </div>
   <div class='ocr_carea' id='block_1_3' title="bbox 191 3359 2274 4157">
    <p class='ocr_par' dir='ltr' id='par_1_3' title="bbox 191 3359 2274 4157">
     <span class='ocr_line' id='line_1_30' title="bbox 275 3359 2227 3433; baseline -0.005 -14"><span class='ocrx_word' id='word_1_169' title='bbox 275 3387 359 3419; x_wconf 79' lang='grc' dir='ltr'><strong>ιι.</strong></span> <span class='ocrx_word' id='word_1_170' title='bbox 390 3368 641 3428; x_wconf 78' lang='lat' dir='ltr'><strong>Isidorus,</strong></span> <span class='ocrx_word' id='word_1_171' title='bbox 665 3367 804 3433; x_wconf 78' lang='lat' dir='ltr'><strong>Orig.</strong></span> <span class='ocrx_word' id='word_1_172' title='bbox 829 3369 982 3426; x_wconf 82' lang='lat' dir='ltr'><strong>XIX,</strong></span> <span class='ocrx_word' id='word_1_173' title='bbox 1006 3376 1053 3425; x_wconf 69' lang='grc'><strong>4.</strong></span> <span class='ocrx_word' id='word_1_174' title='bbox 1083 3367 1176 3415; x_wconf 69' lang='grc' dir='ltr'><strong>θω-</strong></span> <span class='ocrx_word' id='word_1_175' title='bbox 1327 3374 1413 3422; x_wconf 75' lang='lat'><strong>14.</strong></span> <span class='ocrx_word' id='word_1_176' title='bbox 1430 3362 1609 3413; x_wconf 83' lang='lat' dir='ltr'><strong>Isidor.</strong></span> <span class='ocrx_word' id='word_1_177' title='bbox 1624 3359 2118 3421; x_wconf 79' lang='lat' dir='ltr'><strong>Marculus,malleus</strong></span> <span class='ocrx_word' id='word_1_178' title='bbox 2130 3376 2227 3427; x_wconf 84' lang='lat' dir='ltr'><strong>pu·-</strong></span> 
     </span>
     <span class='ocr_line' id='line_1_31' title="bbox 197 3444 1411 3515; baseline -0.005 -16"><span class='ocrx_word' id='word_1_179' title='bbox 197 3450 433 3515; x_wconf 66' lang='lat' dir='ltr'><strong>capitam</strong></span> <span class='ocrx_word' id='word_1_180' title='bbox 442 3484 460 3507; x_wconf 95' lang='lat'><em>,</em></span> <span class='ocrx_word' id='word_1_181' title='bbox 479 3448 610 3497; x_wconf 81' lang='lat' dir='ltr'><strong>linea</strong></span> <span class='ocrx_word' id='word_1_182' title='bbox 631 3464 748 3497; x_wconf 79' lang='lat' dir='ltr'><strong>cum</strong></span> <span class='ocrx_word' id='word_1_183' title='bbox 765 3464 922 3497; x_wconf 80' lang='lat' dir='ltr'><strong>massa</strong></span> <span class='ocrx_word' id='word_1_184' title='bbox 938 3446 1176 3513; x_wconf 79' lang='lat' dir='ltr'><strong>plumbea</strong></span> <span class='ocrx_word' id='word_1_185' title='bbox 1253 3444 1411 3495; x_wconf 82' lang='lat' dir='ltr'><strong>sillus.</strong></span> 
     </span>
     <span class='ocr_line' id='line_1_32' title="bbox 195 3524 2224 3598; baseline -0.004 -20"><span class='ocrx_word' id='word_1_186' title='bbox 195 3528 301 3598; x_wconf 61' lang='lat' dir='ltr'><strong>qua</strong></span> <span class='ocrx_word' id='word_1_187' title='bbox 317 3528 472 3578; x_wconf 82' lang='lat' dir='ltr'><strong>maris</strong></span> <span class='ocrx_word' id='word_1_188' title='bbox 488 3528 700 3577; x_wconf 83' lang='lat' dir='ltr'><strong>altitudo</strong></span> <span class='ocrx_word' id='word_1_189' title='bbox 722 3538 953 3577; x_wconf 82' lang='lat' dir='ltr'><strong>tentatur.</strong></span> <span class='ocrx_word' id='word_1_190' title='bbox 1329 3527 1414 3577; x_wconf 80' lang='lat'><strong>15.</strong></span> <span class='ocrx_word' id='word_1_191' title='bbox 1436 3526 1501 3575; x_wconf 72' lang='lat' dir='ltr'><strong>A.</strong></span> <span class='ocrx_word' id='word_1_192' title='bbox 1525 3525 1742 3585; x_wconf 79' lang='lat' dir='ltr'><strong>Gellius,</strong></span> <span class='ocrx_word' id='word_1_193' title='bbox 1762 3524 1853 3573; x_wconf 85' lang='lat' dir='ltr'><strong>lib.</strong></span> <span class='ocrx_word' id='word_1_194' title='bbox 1878 3526 1953 3572; x_wconf 92' lang='lat'><strong>111</strong></span> <span class='ocrx_word' id='word_1_195' title='bbox 1967 3557 1982 3582; x_wconf 91' lang='lat'>,</span> <span class='ocrx_word' id='word_1_196' title='bbox 2003 3539 2110 3587; x_wconf 82' lang='lat' dir='ltr'><strong>cap.</strong></span> <span class='ocrx_word' id='word_1_197' title='bbox 2138 3538 2159 3569; x_wconf 87' lang='lat'>1</span> <span class='ocrx_word' id='word_1_198' title='bbox 2172 3530 2224 3578; x_wconf 75' lang='lat'><strong>4.</strong></span> 
     </span>
     <span class='ocr_line' id='line_1_33' title="bbox 275 3603 2179 3670; baseline -0.006 -11"><span class='ocrx_word' id='word_1_199' title='bbox 275 3609 917 3670; x_wconf 73' lang='lat' dir='ltr'><strong>12.A.Gelliu⁸,Noct.Att.</strong></span> <span class='ocrx_word' id='word_1_200' title='bbox 927 3611 1117 3667; x_wconf 82' lang='lat' dir='ltr'><strong>XVIII,</strong></span> <span class='ocrx_word' id='word_1_201' title='bbox 1127 3609 1177 3656; x_wconf 86' lang='lat'><strong>6.</strong></span> <span class='ocrx_word' id='word_1_202' title='bbox 1329 3610 1410 3657; x_wconf 88' lang='lat'><strong>16.</strong></span> <span class='ocrx_word' id='word_1_203' title='bbox 1428 3610 1541 3656; x_wconf 80' lang='lat' dir='ltr'><strong>Vet-</strong></span> <span class='ocrx_word' id='word_1_204' title='bbox 1560 3606 1717 3656; x_wconf 79' lang='lat' dir='ltr'><strong>schol.</strong></span> <span class='ocrx_word' id='word_1_205' title='bbox 1741 3606 1796 3653; x_wconf 88' lang='lat' dir='ltr'><strong>in</strong></span> <span class='ocrx_word' id='word_1_206' title='bbox 1818 3608 1852 3655; x_wconf 84' lang='lat' dir='ltr'><strong>J</strong></span> <span class='ocrx_word' id='word_1_207' title='bbox 1854 3620 1997 3653; x_wconf 86' lang='lat' dir='ltr'><strong>uveu.</strong></span> <span class='ocrx_word' id='word_1_208' title='bbox 2015 3613 2106 3651; x_wconf 84' lang='lat' dir='ltr'><strong>sat.</strong></span> <span class='ocrx_word' id='word_1_209' title='bbox 2131 3603 2179 3649; x_wconf 80' lang='lat'><strong>3.</strong></span> 
     </span>
     <span class='ocr_line' id='line_1_34' title="bbox 275 3674 2274 3755; baseline -0.007 -15"><span class='ocrx_word' id='word_1_210' title='bbox 275 3694 359 3740; x_wconf 82' lang='lat'><strong>13.</strong></span> <span class='ocrx_word' id='word_1_211' title='bbox 377 3695 572 3739; x_wconf 62' lang='lat' dir='ltr'><strong>Festum</strong></span> <span class='ocrx_word' id='word_1_212' title='bbox 589 3689 884 3755; x_wconf 68' lang='lat' dir='ltr'><strong>Mampbula</strong></span> <span class='ocrx_word' id='word_1_213' title='bbox 900 3690 1179 3755; x_wconf 71' lang='lat' dir='ltr'><strong>appellatur</strong></span> <span class='ocrx_word' id='word_1_214' title='bbox 1330 3705 1390 3750; x_wconf 82' lang='lat'><strong>17</strong></span> <span class='ocrx_word' id='word_1_215' title='bbox 1422 3698 1474 3736; x_wconf 85' lang='lat' dir='ltr'><strong>et</strong></span> <span class='ocrx_word' id='word_1_216' title='bbox 1505 3688 1589 3735; x_wconf 83' lang='lat'><strong>18.</strong></span> <span class='ocrx_word' id='word_1_217' title='bbox 1616 3689 1868 3742; x_wconf 78' lang='lat' dir='ltr'><strong>Donatus,</strong></span> <span class='ocrx_word' id='word_1_218' title='bbox 1886 3685 2015 3731; x_wconf 85' lang='lat' dir='ltr'><strong>Eun.</strong></span> <span class='ocrx_word' id='word_1_219' title='bbox 2040 3690 2140 3729; x_wconf 89' lang='lat' dir='ltr'><strong>act.</strong></span> <span class='ocrx_word' id='word_1_220' title='bbox 2163 3680 2231 3728; x_wconf 89' lang='lat'><strong>11.</strong></span> <span class='ocrx_word' id='word_1_221' title='bbox 2268 3674 2274 3683; x_wconf 87' lang='lat'>&#39;</span> 
     </span>
     <span class='ocr_line' id='line_1_35' title="bbox 200 3758 2228 3839; baseline -0.007 -17"><span class='ocrx_word' id='word_1_222' title='bbox 200 3772 349 3839; x_wconf 81' lang='lat' dir='ltr'><strong>panis</strong></span> <span class='ocrx_word' id='word_1_223' title='bbox 379 3770 567 3836; x_wconf 78' lang='lat' dir='ltr'><strong>syriaci</strong></span> <span class='ocrx_word' id='word_1_224' title='bbox 597 3786 754 3835; x_wconf 78' lang='lat' dir='ltr'><strong>genus</strong></span> <span class='ocrx_word' id='word_1_225' title='bbox 767 3804 785 3829; x_wconf 89' lang='lat'><strong>,</strong></span> <span class='ocrx_word' id='word_1_226' title='bbox 812 3770 980 3834; x_wconf 87' lang='lat' dir='ltr'><strong>quod,</strong></span> <span class='ocrx_word' id='word_1_227' title='bbox 1015 3779 1075 3817; x_wconf 82' lang='lat' dir='ltr'><strong>ut</strong></span> <span class='ocrx_word' id='word_1_228' title='bbox 1109 3769 1177 3819; x_wconf 82' lang='lat' dir='ltr'><strong>ait</strong></span> <span class='ocrx_word' id='word_1_229' title='bbox 1331 3785 1413 3831; x_wconf 88' lang='lat'><strong>19.</strong></span> <span class='ocrx_word' id='word_1_230' title='bbox 1441 3772 1642 3816; x_wconf 82' lang='lat' dir='ltr'><strong>Festus:</strong></span> <span class='ocrx_word' id='word_1_231' title='bbox 1670 3758 2228 3828; x_wconf 79' lang='lat' dir='ltr'><strong>Querqueramfebrem,</strong></span> 
     </span>
     <span class='ocr_line' id='line_1_36' title="bbox 197 3840 2235 3915; baseline -0.007 -13"><span class='ocrx_word' id='word_1_232' title='bbox 197 3851 413 3902; x_wconf 79' lang='lat' dir='ltr'><strong>Verrius</strong></span> <span class='ocrx_word' id='word_1_233' title='bbox 427 3884 444 3909; x_wconf 85' lang='lat'><strong>,</strong></span> <span class='ocrx_word' id='word_1_234' title='bbox 459 3851 517 3899; x_wconf 83' lang='lat' dir='ltr'><strong>in</strong></span> <span class='ocrx_word' id='word_1_235' title='bbox 530 3846 756 3908; x_wconf 88' lang='lat' dir='ltr'><strong>cliban0,</strong></span> <span class='ocrx_word' id='word_1_236' title='bbox 773 3860 886 3897; x_wconf 81' lang='lat' dir='ltr'><strong>ante</strong></span> <span class='ocrx_word' id='word_1_237' title='bbox 899 3848 1050 3914; x_wconf 67' lang='lat' dir='ltr'><strong>quam</strong></span> <span class='ocrx_word' id='word_1_238' title='bbox 1060 3866 1174 3915; x_wconf 85' lang='lat' dir='ltr'><strong>per-</strong></span> <span class='ocrx_word' id='word_1_239' title='bbox 1251 3864 1450 3914; x_wconf 83' lang='lat' dir='ltr'><strong>gravem</strong></span> <span class='ocrx_word' id='word_1_240' title='bbox 1482 3857 1532 3895; x_wconf 82' lang='lat' dir='ltr'><strong>et</strong></span> <span class='ocrx_word' id='word_1_241' title='bbox 1566 3860 1803 3910; x_wconf 79' lang='lat' dir='ltr'><strong>magnam.</strong></span> <span class='ocrx_word' id='word_1_242' title='bbox 1812 3868 1885 3879; x_wconf 94' lang='lat'><strong>—-</strong></span> <span class='ocrx_word' id='word_1_243' title='bbox 1895 3840 2081 3889; x_wconf 73' lang='lat' dir='ltr'><strong>Bondes</strong></span> <span class='ocrx_word' id='word_1_244' title='bbox 2117 3843 2235 3888; x_wconf 81' lang='lat' dir='ltr'><strong>Ica-</strong></span> 
     </span>
     <span class='ocr_line' id='line_1_37' title="bbox 197 3917 2231 3997; baseline -0.008 -15"><span class='ocrx_word' id='word_1_245' title='bbox 197 3940 478 3997; x_wconf 77' lang='lat' dir='ltr'><strong>ooquatur,</strong></span> <span class='ocrx_word' id='word_1_246' title='bbox 501 3928 689 3978; x_wconf 82' lang='lat' dir='ltr'><strong>decidit</strong></span> <span class='ocrx_word' id='word_1_247' title='bbox 715 3931 773 3978; x_wconf 82' lang='lat' dir='ltr'><strong>in</strong></span> <span class='ocrx_word' id='word_1_248' title='bbox 803 3930 1072 3987; x_wconf 81' lang='lat' dir='ltr'><strong>carbones,</strong></span> <span class='ocrx_word' id='word_1_249' title='bbox 1099 3930 1176 3977; x_wconf 87' lang='lat' dir='ltr'><strong>ci·</strong></span> <span class='ocrx_word' id='word_1_250' title='bbox 1255 3927 1483 3991; x_wconf 78' lang='lat' dir='ltr'><strong>dionque.</strong></span> <span class='ocrx_word' id='word_1_251' title='bbox 1505 3924 1720 3975; x_wconf 81' lang='lat' dir='ltr'><strong>Nomina</strong></span> <span class='ocrx_word' id='word_1_252' title='bbox 1745 3920 2128 3969; x_wconf 62' lang='lat' dir='ltr'><strong>sevissimorum</strong></span> <span class='ocrx_word' id='word_1_253' title='bbox 2151 3917 2231 3985; x_wconf 73' lang='lat' dir='ltr'><strong>pi-</strong></span> 
     </span>
     <span class='ocr_line' id='line_1_38' title="bbox 191 3998 1493 4079; baseline -0.007 -17"><span class='ocrx_word' id='word_1_254' title='bbox 191 4004 865 4076; x_wconf 75' lang='lat' dir='ltr'><strong>ueremque.—-En&#39;1pleuron.</strong></span> <span class='ocrx_word' id='word_1_255' title='bbox 876 3998 1179 4079; x_wconf 66' lang='grc' dir='ltr'><strong>Εμπλιυρον,</strong></span> <span class='ocrx_word' id='word_1_256' title='bbox 1257 4018 1493 4056; x_wconf 86' lang='lat' dir='ltr'><strong>ratarum.</strong></span> 
     </span>
     <span class='ocr_line' id='line_1_39' title="bbox 193 4077 2029 4157; baseline -0.009 -13"><span class='ocrx_word' id='word_1_257' title='bbox 193 4092 416 4144; x_wconf 77' lang='lat' dir='ltr'><strong>validam</strong></span> <span class='ocrx_word' id='word_1_258' title='bbox 430 4126 448 4157; x_wconf 86' lang='lat'>‚</span> <span class='ocrx_word' id='word_1_259' title='bbox 469 4092 622 4143; x_wconf 78' lang='lat' dir='ltr'><strong>latera</strong></span> <span class='ocrx_word' id='word_1_260' title='bbox 645 4089 795 4157; x_wconf 79' lang='lat' dir='ltr'><strong>plena</strong></span> <span class='ocrx_word' id='word_1_261' title='bbox 817 4088 1099 4140; x_wconf 79' lang='lat' dir='ltr'><strong>habentem.</strong></span> <span class='ocrx_word' id='word_1_262' title='bbox 1331 4100 1415 4153; x_wconf 77' lang='lat'><strong>²⁰:</strong></span> <span class='ocrx_word' id='word_1_263' title='bbox 1439 4079 1692 4136; x_wconf 76' lang='lat' dir='ltr'><strong>Maximus</strong></span> <span class='ocrx_word' id='word_1_264' title='bbox 1714 4077 2029 4132; x_wconf 83' lang='lat' dir='ltr'><strong>Victorinus.</strong></span> 
     </span>
    </p>
   </div>
  </div>
 </body>
</html>
