2775 4619
628 410 761 495 284
1030 414 1102 479 c,
1149 412 1554 479 Lucan
1610 406 2258 477 FRAGMENTA*

1414 614 1508 634 w-

828 776 975 845 EX
1028 776 1372 847 LIBRO
1425 777 1709 847 XXVI
1767 775 2459 846 SATIRARUM.

1623 956 1670 1009 Ι.

662 1090 669 1096 -
701 1050 985 1109 Homines
1012 1052 1123 1130 ipsi
1150 1051 1300 1109 hanc
1328 1050 1442 1109 sibi
1470 1051 1796 1109 molestiam
1823 1051 1982 1110 ultro
2009 1063 2190 1129 atque
2218 1069 2548 1109 aerumnam
2574 1053 2652 1108 of-

623 1147 681 1207 fe
692 1160 867 1221 runt3
898 1148 1125 1206 ducunt
1152 1168 1365 1207 uxores
1382 1192 1399 1219 ‚
1428 1148 1767 1228 producunt
1795 1150 2013 1227 quihus
2035 1148 2160 1207 haec
2186 1148 2405 1207 faciant
2430 1148 2664 1207 liberos-

1592 1251 1620 1304 1
1641 1249 1688 1303 I.
2710 1316 2711 1323 ἵ

698 1346 780 1400 At
816 1342 973 1401 enim
999 1342 1145 1401 dicis
1175 1342 1539 1401 clandestino
1575 1343 1684 1401 tibi
1711 1342 1874 1421 quod
1912 1343 2298 1403 commissum
2328 1344 2484 1402 foret
2503 1386 2521 1415 ,
2547 1362 2648 1401 neu
2710 1330 2711 1335 ἵ

620 1439 865 1497 mutires
888 1440 1216 1518 quidquam
1231 1483 1247 1511 ,
1270 1461 1389 1499 neu
1417 1440 1690 1518 mysteria
1713 1441 1952 1499 efferres
1975 1441 2149 1500 foras.

1553 1540 1582 1595 1
1604 1542 1631 1596 Ι
1651 1542 1704 1595 Ι.

696 1634 855 1692 Ferri
880 1646 1108 1691 tantum
1123 1678 1139 1703 ‚
1165 1634 1209 1691 si
1234 1646 1401 1712 roget
1421 1654 1515 1692 me
1529 1678 1544 1706 ‚
1569 1654 1690 1693 non
1712 1635 1849 1692 dem
1872 1646 2162 1713 quantum
2179 1633 2313 1691 auri
2332 1635 2512 1715 petit;
2535 1634 2580 1691 si
2599 1652 2648 1691 se

619 1732 787 1809 cupit
803 1773 822 1801 ‚
844 1743 903 1789 et
926 1732 975 1788 εἰ
997 1752 1239 1810 quoque
1262 1752 1297 1789 a
1323 1752 1420 1790 me
1434 1775 1452 1803 ‚
1481 1752 1614 1810 quae
1635 1744 1800 1811 roget
1817 1774 1836 1804 ,
1857 1751 1980 1791 non
2007 1732 2305 1810 impetret.

1569 1833 1598 1886 Ι
1617 1832 1688 1889 V.

695 1928 779 1984 At
800 1925 1135 1985 Libertinus
1158 1926 1455 1986 Tricoriue
1484 1930 1666 2005 Syrus
1691 1927 1818 2004 ipse
1842 1926 1918 1984 ad
1943 1926 2240 2005 mastigias
2257 1970 2277 1997 ,

614 2018 621 2025 ’
698 2024 969 2096 Quicum‘
981 2024 1303 2103 versipellis
1324 2025 1404 2083 fio
1424 2069 1442 2097 ‚
1467 2037 1526 2082 et
1551 2024 1796 2103 quicum
1820 2037 2124 2083 commuto
2149 2024 2367 2083 omnia.

1595 2125 1669 2179 V.

700 2218 1044 2296 Squallitate
1066 2263 1083 2290 ,
1114 2220 1345 2278 summa
1365 2218 1559 2278 scabie
1573 2262 1590 2290 ,
1620 2238 1850 2279 summa
1871 2220 1934 2277 in
1956 2238 2216 2277 aerumna
2244 2220 2523 2277 obrutam
2541 2260 2559 2291 ,

694 2321 903 2394 Neque
928 2318 1181 2376 inimicis
1206 2317 1556 2377 invidiosam
1571 2362 1588 2389 ‚
1617 2339 1812 2396 neque
1841 2317 2030 2376 amico
2059 2316 2481 2395 exoptabilem.

1567 2420 1622 2475 V
1640 2420 1687 2474 Ι.
2465 2456 2468 2458 v
2711 2429 2713 2476 1

694 2510 1053 2570 Publicanus
1082 2530 1224 2570 vero
1263 2525 1333 2570 ut
1367 2514 1522 2572 Asiae
1562 2513 1698 2572 fiam
1740 2511 2150 2594 scripturarius
2177 2531 2290 2589 pro

693 2608 925 2668 Lucilio
941 2653 959 2680 ‚
987 2609 1053 2684 id
1079 2629 1190 2688 ego
1212 2609 1354 2669 nolo
1369 2630 1390 2683 3
1426 2623 1487 2668 et
1509 2629 1631 2670 uno
1660 2610 1774 2669 hoc
1800 2630 1923 2669 nou
1949 2623 2119 2668 muto
2147 2609 2366 2668 omnia.

792 2703 797 2713 '
1544 2711 1600 2766 V
1613 2711 1640 2765 1
1659 2711 1706 2765 Ι.

690 2807 773 2863 Ut
797 2805 1058 2884 populus
1083 2807 1387 2864 Romanus
1408 2805 1600 2863 victus
1619 2805 1678 2862 vi
1695 2849 1712 2876 ,
1739 2815 1798 2864 et
1824 2816 2134 2885 superatus
2159 2801 2378 2882 praeliis

690 2903 859 2980 Saepe
892 2914 992 2960 est.
1005 2901 1211 2960 multis
1227 2946 1245 2976 ,
1273 2902 1436 2960 bello
1457 2922 1596 2961 vero
1623 2922 1928 2984 nunquam
1948 2944 1966 2973 ,
1990 2902 2053 2960 in
2081 2921 2204 2981 quo
2227 2911 2365 2959 sunt
2387 2901 2604 2960 omnia.

1518 3004 1572 3058 V
1586 3003 1615 3057 1
1633 3005 1661 3059 Ι
1678 3004 1726 3058 Ι.

688 3098 1145 3174 Depeculassere
1162 3099 1365 3178 aliqua
1393 3117 1631 3177 sperans
1662 3119 1759 3156 me
1789 3119 1856 3156 ac
1883 3091 2376 3178 deargentassere.

644 3275 653 3284 ·
694 3195 1129 3254 Decalanticare
1157 3195 1420 3256 eburneo
1451 3196 1696 3274 speculo
1723 3195 2184 3274 depeculassere.
2285 3273 2290 3281 Ι

686 3400 707 3430 1
720 3419 730 3430 .
752 3381 952 3432 Nonius
968 3400 981 3429 ε
999 3383 1297 3441 Produc-ere,
1314 3385 1588 3432 instituere.
1667 3401 1806 3434 nunc
1830 3384 2111 3435 tabellarios
2143 3385 2362 3434 dicimus
2378 3422 2393 3447 ,
2424 3385 2531 3434 dici
2557 3401 2639 3432 vo-

679 3480 729 3512 2.
754 3463 885 3511 Non.
910 3463 1217 3511 Clandestino
1228 3498 1248 3521 ,
1276 3463 1584 3512 abscondite.
1667 3467 1781 3514 lunt
1794 3475 2004 3526 veteres,
2019 3467 2160 3532 quod
2175 3467 2442 3532 scripturis
2455 3479 2510 3514 et
2521 3481 2640 3514 eom-

680 3546 730 3593 3.
756 3543 982 3593 Nonius:
1007 3545 1198 3609 Rogare
1210 3579 1229 3602 ‚
1256 3561 1483 3608 poscere.
1668 3547 1922 3596 mental-iis
1968 3550 2138 3596 omnia
2175 3547 2255 3595 vel
2302 3548 2514 3596 urbium
2532 3583 2548 3608 ‚
2573 3545 2641 3593 vel

676 3635 727 3683 4.
764 3626 991 3675 Nouius:
1018 3626 1297 3688 Versipelles
1318 3626 1440 3673 dicti
1469 3635 1589 3674 sunt
1666 3628 2042 3691 provinciarum
2063 3613 2503 3692 complectuntur.

605 3706 831 3771 quolibet
849 3723 1027 3771 genere
1047 3723 1098 3754 se
1117 3717 1495 3755 commutantes.
1736 3724 1761 3768 7
1772 3743 1785 3755 .
1801 3709 1848 3755 N
1849 3707 2000 3756 onius
2015 3725 2027 3755 ε
2051 3709 2239 3773 Bellum
2253 3720 2305 3756 et
2309 3707 2640 3772 proele'umhoe

677 3786 724 3833 5.
740 3787 962 3834 Nonius:
984 3789 1258 3841 Summum,
1278 3796 1578 3835 extremum.
1662 3787 1932 3836 differunt:
1953 3789 2094 3852 qued
2115 3789 2306 3853 praelia
2341 3799 2512 3852 partes
2537 3796 2644 3834 sunt

603 3861 765 3910 Idem:
788 3865 1077 3912 Invidiosum
1087 3900 1107 3922 ,
1136 3862 1275 3928 quod
1294 3865 1360 3910 sit
1378 3865 1582 3913 vitabile
1658 3868 1801 3931 belli,
1821 3870 1921 3918 hoc
1934 3881 2022 3928 est,
2036 3870 2092 3917 in
2108 3869 2245 3917 bello
2263 3871 2644 3934 congressiones.

600 3941 667 3987 ad
686 3943 976 3994 videndum.
1734 3950 1783 3997 8.
1837 3950 2035 4000 Nonius
2063 3967 2078 3998 ι
2119 3950 2504 4013 Depeculassm
2531 3987 2548 4008 ‚
2591 3963 2644 3995 ιο

676 4019 726 4067 6.
766 4023 1000 4075 Nonius:
1034 4025 1378 4092 Scripcumzios
1396 4063 1418 4100 ³.
1451 4043 1582 4096 quos
1659 4028 2052 4099 deargencassseoe
2061 4066 2092 4114 ’.
2109 4042 2164 4082 et
2186 4029 2571 4083 decalanticam·
