2775 4619
1135 391 1216 453 A.
1269 387 1643 454 PERsu
1704 367 2095 452 F'LACCI

583 497 596 535 ⁶
685 513 840 576 Haec
875 511 1220 578 Calabrum
1257 514 1433 578 coxit
1456 513 1689 578 vitiato
1714 512 1963 577 murice
1990 512 2193 576 vellus
2218 510 2247 574 τ’
2306 522 2315 530 ’

683 629 837 692 Haec
873 629 1140 694 baccam
1171 628 1439 693 conchae
1475 627 1697 692 rasisse
1718 673 1738 706 ‚
1770 642 1837 690 et
1862 627 2175 716 stringere
2200 647 2395 690 venas

683 743 1018 808 Ferventis
1051 766 1264 814 massae
1295 739 1503 806 crudo
1540 741 1621 806 de
1657 740 1927 830 pulvere
1964 740 2183 826 jussit.-

687 860 921 924 Peccat
936 875 1002 924 et
1019 860 1186 939 haec,
1213 873 1437 947 peccat
1460 881 1478 939 3
1503 856 1663 920 vitio
1692 871 1908 920 tamen
1934 854 2178 918 utitur:
2206 869 2273 916 at
2292 855 2417 918 vos'

681 974 894 1038 Dicite
911 1022 930 1055 ,
954 972 1326 1063 pontifices,
1351 973 1421 1036 in
1443 971 1677 1036 sanctis
1701 970 1864 1058 quid
1888 969 2047 1032 facit
2069 966 2358 1032 aurum-P

595 1181 760 1238 atque
773 1165 1070 1234 servandis3
1085 1164 1234 1219 unde
1248 1165 1572 1237 frequentis-

595 1251 729 1303 sime
754 1261 1050 1320 usurpatur
1083 1249 1150 1300 ab
1180 1247 1567 1318 unguentariis.

593 1360 665 1369 —
674 1331 838 1382 Recte
855 1343 1080 1395 corrupto
1089 1349 1108 1378 :
1127 1326 1407 1399 quidquid·
1422 1328 1568 1380 enim

592 1407 751 1462 desiit
786 1427 896 1462 esse
937 1407 1088 1480 quod
1125 1409 1232 1461 fuit
1248 1448 1264 1474 ‚
1291 1423 1567 1476 corruptum

593 1487 815 1542 dicitur.
847 1491 1011 1542 Notat
1037 1502 1218 1540 autem
1237 1527 1253 1552 ‚
1273 1490 1378 1541 hoc
1408 1489 1530 1540 loco
1548 1528 1567 1553 ‚

591 1569 788 1620 luxum
849 1566 1228 1640 prodigiosum
1295 1571 1567 1620 Romano-

593 1667 741 1713 rum,
758 1649 853 1719 qui
875 1649 1099 1720 ubique,
1116 1661 1167 1700 et
1189 1649 1246 1700 in
1266 1649 1418 1700 omni
1438 1660 1576 1700 tcm-’

591 1745 728 1798 pore
742 1747 960 1798 unguen
967 1729 1032 1780 tis
1046 1729 1340 1780 utebantur
1351 1766 1368 1791 ‚
1387 1729 1567 1800 iisque

591 1807 870 1879 tantopere
889 1807 1224 1878 gaudebant,
1249 1823 1310 1861 ut
1323 1811 1435 1879 jam
1454 1827 1567 1860 non

588 1887 888 1940 linirentur
924 1901 1136 1941 tantum
1153 1927 1170 1954 ,
1209 1889 1302 1942 sed
1347 1904 1401 1943 et
1444 1909 1569 1961 per-

590 1969 956 2024 funderentur
985 1983 1102 2024 toto
1122 1989 1352 2042 corpore
1367 2009 1384 2034 ‚
1410 1973 1567 2024 vesti-

591 2050 788 2120 giaque
821 2052 983 2104 etiam
1020 2051 1226 2123 pedum
1259 2051 1529 2122 tingerent
1547 2090 1564 2117 ‚

597 2128 822 2200 quidam
879 2133 1042 2184 etiam
1105 2131 1375 2184 biberent.
1432 2131 1564 2184 vid.

521 2220 526 2222 “
593 2209 737 2260 Plin.
765 2211 872 2267 lib.
885 2212 1028 2263 XIII
1049 2250 1066 2277 ‚
1091 2231 1204 2283 cap.
1229 2211 1372 2264 3.v-C.
1398 2225 1451 2265 et
1470 2214 1535 2264 A.

601 2365 609 2371 ι
666 2297 750 2351 65.
761 2303 879 2349 Hoec
897 2303 1154 2351 Calabrum
1165 2303 1360 2367 vellus]
1374 2300 1571 2353 Taren-

593 2377 762 2429 tinam
781 2378 959 2431 lanam
972 2417 988 2443 ‚
1011 2398 1132 2450 quae
1161 2392 1242 2432 est
1257 2380 1485 2450 optima.
1500 2412 1571 2421 --

595 2460 750 2507 Coxit.
793 2459 994 2511 Infecit
1021 2498 1037 2524 ‚
1075 2460 1257 2511 tinxit.
1287 2492 1356 2501 -—
1387 2464 1567 2511 Vitiato

593 2541 790 2589 murice.
825 2540 1038 2593 ,Mure-1
1083 2558 1253 2610 genus
1293 2541 1566 2613 conchylii

595 2636 666 2670 ex
689 2636 800 2688 quo
832 2618 1018 2689 liquor
1053 2620 1268 2672 elicitur
1295 2620 1567 2691 tingendis

595 2698 884 2770 expeditus
919 2700 1158 2757 ventibus
1177 2738 1192 2763 ,
1221 2702 1403 2753 colore
1434 2720 1569 2772 -pur-

593 2796 790 2849 pureo.
805 2809 877 2819 —
895 2782 1092 2831 Vitiaco.
1119 2782 1262 2845 Quia
1281 2785 1408 2833 cum
1430 2781 1566 2833 lani-

592 2859 1010 2921 ciuminficitur
1027 2898 1044 2924 ‚
1065 2862 1306 2915 alienum
1331 2864 1571 2916 colorem

592 2939 764 2993 vitiat.
779 2940 962 2994 Horat.
975 2940 1068 2993 lib.
1089 2943 1148 2993 ΙΙ
1162 2981 1179 3007 ,
1203 2956 1296 2995 sat.
1316 2962 1339 2995 1
1361 2982 1376 3008 ,
1400 2964 1449 2997 v.
1467 2944 1533 3015 57
1552 2963 1565 2993 ε

593 3026 686 3072 Sed
703 3028 826 3073 mala
851 3028 986 3075 tollet
1005 3044 1145 3075 anum
1165 3031 1328 3077 vitiato
1345 3032 1483 3077 melle
1506 3032 1572 3078 ci-

719 3108 841 3144 cuta.
1313 3104 1364 3148 P.
1387 3114 1434 3149 et
1456 3106 1509 3149 L.

667 3177 750 3227 66.
768 3164 886 3227 Ηωσ
903 3181 1137 3229 bacchum
1153 3182 1354 3231 coneha·
1367 3185 1569 3249 rasisse]

591 3252 798 3307 Eadem
811 3258 969 3327 jubet
987 3258 1092 3309 sihi
1108 3261 1415 3330 margaritas
1429 3281 1571 3331 quae-

595 3336 665 3387 ri.
701 3342 912 3387 Baccam
943 3354 1106 3389 autem
1138 3344 1338 3392 conclaoe
1364 3346 1539 3405 radere
1552 3380 1568 3401 ,

595 3416 796 3470 Graecis
810 3420 892 3471 τὸν
914 3422 1216 3491 μαργαρίτην
1237 3424 1451 3493 χωρίζειν
1470 3424 1566 3475 ἀπὸ

1648 1177 1733 1224 τοῦ
1761 1174 1961 1242 κόγχρυ.
1988 1170 2119 1223 Vid.
2152 1170 2363 1224 Athaen.
2398 1170 2507 1225 lib.
2540 1171 2661 1222 ΙΠ.

1646 1254 1893 1302 Baoeham
1922 1262 2079 1304 vocat
2115 1264 2341 1322 propter
2368 1250 2665 1302 similitu-

1646 1331 1832 1384 dinem
1854 1350 1983 1384 cum
2011 1332 2282 1383 fructibus
2310 1331 2449 1382 lauri
2478 1329 2667 1380 unio-

1646 1427 1739 1464 nes
1777 1423 1829 1463 et
1868 1411 2173 1482 margaritas
2190 1449 2205 1474 ,
2240 1429 2370 1482 quas
2403 1409 2659 1461 nucleos

1646 1491 1785 1543 Plin.
1800 1504 1853 1544 et
1868 1490 2069 1542 infimae
2084 1491 2386 1543 Latinitatis
2400 1490 2662 1562 scripto-

1644 1591 1731 1624 res
1741 1575 1939 1639 perulos
1960 1572 1982 1640 (
1992 1570 2133 1623 Galli
2143 1571 2525 1638 perles)vocan
2534 1581 2575 1620 t.
2590 1568 2656 1619 C.

1644 1655 1954 1721 —Stringere
1966 1671 2139 1700 venas.
2152 1650 2185 1701 J
2191 1649 2321 1700 ussit
2334 1647 2577 1700 conflari
2590 1647 2657 1697 in

1642 1751 1807 1784 unam
1821 1749 2043 1783 massam
2055 1731 2336 1800 pulverem
2350 1727 2471 1780 auri
2490 1739 2555 1779 et
2570 1745 2660 1778 ar-

1644 1814 1793 1883 genti
1812 1832 1843 1866 e
1856 1811 2007 1865 venis
2030 1823 2183 1863 terrae
2206 1822 2259 1862 et
2280 1809 2487 1861 fodinis
2512 1825 2650 1859 eru-

1646 1902 1782 1945 tum.
1793 1893 2001 1964 Nempe
2012 1887 2163 1962 quod
2176 1889 2434 1942 effossum
2448 1901 2537 1940 est
2553 1905 2653 1938 au·

1644 1993 1772 2026 rum
1794 1984 2087 2044 puteorum
2116 1969 2397 2022 scrobibtis
2414 2007 2431 2032 ‚
2454 1981 2561 2020 aut
2582 1967 2646 2018 in

1644 2054 1805 2106 ruina
1812 2071 1939 2104 mon
1946 2053 2084 2103 tium
2095 2051 2205 2102 fuit.
2212 2059 2652 2119 repertum,tun-

1646 2132 1821 2197 ditur,
1838 2134 2065 2194 lavatur,
2082 2131 2281 2194 uritur,
2302 2129 2567 2180 mollitur
2587 2127 2648 2178 in

1646 2215 1929 2286 pulverem
1948 2252 1965 2278 ‚
2012 2213 2109 2284 qui
2153 2210 2355 2264 deinde
2386 2210 2509 2281 igni
2544 2228 2649 2260 ex-

1648 2307 1835 2347 coctus
1848 2294 1905 2347 in
1922 2312 2116 2345 massas
2134 2291 2433 2363 redigitur:
2454 2287 2643 2355 unde,

1648 2379 1879 2445 sti-ingere
1921 2394 2080 2426 venas
2102 2412 2118 2438 ‚
2163 2388 2255 2423 etc.
2279 2412 2296 2433 ,
2344 2372 2643 2442 pulverem

1646 2474 1867 2508 aureum
1888 2455 1945 2505 in
1962 2472 2185 2507 massam
2202 2452 2461 2515 conflare,
2480 2451 2639 2505 adhi-

1644 2536 1761 2587 bito
1788 2536 2005 2587 fornace
2030 2546 2084 2586 et
2114 2533 2257 2603 igne.
2298 2534 2369 2583 A.

1660 2616 1677 2625 ’
1716 2624 1805 2675 68.
1848 2625 1975 2672 Vitio
2012 2636 2173 2672 tamen
2211 2622 2403 2687 uticum]
2432 2620 2637 2673 Pecca-

1646 2716 1800 2767 tum,
1821 2702 1927 2755 hoc
1958 2704 2082 2755 loco
2101 2741 2116 2767 ,
2146 2702 2328 2752 minus
2358 2713 2471 2764 est,
2506 2700 2632 2772 quia

1647 2784 1781 2835 vitio
1808 2801 1907 2834 suo
1938 2782 2175 2844 fruitur,
2200 2792 2252 2831 et
2286 2799 2349 2832 ex
2384 2798 2448 2831 eo
2479 2779 2633 2831 utili-

1648 2874 1815 2915 tatem
1844 2860 2132 2933 quamdam
2156 2860 2413 2931 percipit.

1720 2944 1809 3009 69.
1832 2944 1988 2991 Dicite
1994 2942 2283 3012 pontifices-J
2304 2940 2471 2991 Recte
2491 2956 2629 3009 pon-

1650 3022 1823 3075 tifices
1878 3021 2171 3091 compellat
2199 3057 2215 3083 ‚
2264 3038 2430 3091 penes
2489 3036 2627 3089 quos

1652 3102 1902 3153 omnium
1948 3118 2223 3151 sacrorum
2276 3117 2405 3151 cura
2434 3136 2452 3161 ‚
2498 3110 2553 3149 et
2598 3115 2627 3147 a

1648 3181 1849 3251 quibus
1872 3178 2212 3231 sacerdotum
2238 3178 2460 3248 collegia
2486 3195 2623 3249 pen·

1648 3259 1867 3311 debant.
1882 3264 2023 3309 ——ln
2048 3261 2228 3309 sanetis
2245 3259 2511 3325 quidfacic
2526 3276 2621 3307 au-

1646 3360 1755 3390 rum
1770 3348 1797 3391 Ρ
1814 3340 2021 3391 Sanctis
2038 3358 2140 3409 pro
2159 3337 2428 3391 sacrificiis
2444 3350 2497 3389 et
2512 3355 2623 3389 om-

1646 3420 1743 3475 nib
1750 3440 1810 3473 us
1824 3421 1952 3473 actis
1970 3419 2249 3491 religiosis.
2269 3421 2481 3471 Aurum
2495 3434 2620 3471 vero

661 3597 731 3643 V.
765 3596 854 3644 65.
880 3597 1012 3644 Hoec.
1037 3599 1134 3645 Pro
1159 3610 1234 3657 et,
1259 3616 1322 3647 ex
1345 3598 1457 3645 eod.
1484 3609 1689 3657 nosti-03
1714 3609 1765 3647 et
1788 3600 1896 3647 aliis
1916 3599 2191 3663 permultis.

661 3678 726 3723 V.
755 3676 836 3737 69.
863 3678 922 3723 In
947 3678 1140 3728 sanctis.
1165 3682 1278 3725 Vct.
1307 3678 1465 3735 schol.
1496 3678 1609 3726 eod.
1635 3680 1989 3727 Mentellianus
2006 3714 2019 3738 ‚
2043 3678 2251 3726 Puteaui
2282 3676 2392 3725 eod.
2420 3687 2471 3724 et
2488 3674 2638 3724 uon-'

595 3756 724 3805 nulli
751 3758 925 3821 legunt
949 3758 1000 3803 in
1019 3768 1200 3805 sanceo-
1227 3758 1450 3806 Colbert.
1480 3759 1675 3825 Thuan.
1704 3759 1943 3807 Mazariu.
1976 3760 2033 3805 in
2069 3747 2195 3813 Sco}
2219 3753 2405 3813 alii,1'n
2440 3753 2613 3807 sacri-53

590 3838 796 3901 quidam
823 3838 880 3885 iu
905 3838 1080 3902 templo
1095 3874 1112 3895 ,
1133 3854 1222 3887 seu
1244 3838 1294 3885 in
1323 3839 1538 3903 templis,
1564 3851 1613 3888 et
1638 3857 1694 3887 ea
1712 3840 1864 3888 lectio
1884 3840 2098 3904 glossam
2122 3838 2345 3885 redolet:
2366 3852 2463 3883 nos
2478 3851 2591 3881 vero
2605 3868 2619 3890 ,

592 3917 649 3963 iu
675 3927 808 3965 tanta
831 3918 1066 3966 codicum
1093 3918 1403 3967 dissentione
1420 3953 1437 3979 ‚
1470 3918 1519 3966 in
1546 3919 1725 3967 sanctis
1746 3920 2091 3984 praetulimus3
2122 3918 2310 3981 quippe
2338 3932 2450 3980 quae
2474 3914 2615 3962 lectio

593 3997 837 4060 reperitur
855 3998 991 4062 apud
1009 3998 1352 4064 Lampridium
1373 4000 1432 4048 in
1453 3999 1771 4061 Alexandro,
1795 3999 1887 4073 ubi
1912 4000 2091 4048 citatur
2106 4014 2279 4049 versus
2298 3998 2469 4047 Persii.
2498 3994 2615 4051 Cod-

591 4083 764 4123 noster
777 4109 792 4135 ,
819 4076 870 4123 in
897 4093 1050 4124 sacro.
