2775 4619
476 380 657 403 m

679 566 1518 675 CENTONES
1587 566 2331 699 ALlQ-UOT

1114 810 1540 893 LUCIL
1571 814 1868 893 IANI

519 1044 609 1085 nx
650 1042 1329 1103 nusuucnssnus
1378 1042 1650 1083 ron-nx
1692 1045 1952 1084 uuus
2005 1044 2495 1090 nucinum-1³

1008 1162 1017 1175 .
1073 1139 1412 1178 now-run
1459 1121 1934 1180 conmuni-11

815 1333 872 1391 A
912 1331 1155 1390 uuo
1198 1288 1532 1403 nou'si
1581 1334 2198 1393 Nonnovmn.
2311 1307 2319 1311 ’

1487 1514 1537 1573 1.

558 1612 897 1718 Μυιτιὲ
924 1654 1065 1715 inde
1092 1655 1211 1714 loci
1241 1656 1606 1715 sermonibu’
1631 1656 2078 1717 concelebrabit

558 1759 831 1815 Aetatem
857 1765 917 1811 et
942 1752 1152 1811 faciem
1174 1796 1192 1824 ‚
1216 1766 1286 1811 ut
1310 1774 1443 1835 saga
1465 1797 1483 1824 ,
1511 1766 1572 1812 et
1591 1754 1749 1813 bona
1771 1755 2138 1815 conciliatrix
2162 1777 2179 1813 ε

565 1853 749 1926 Quod
774 1852 989 1933 gracila
1018 1866 1146 1925 est,
1176 1855 1386 1933 pernix
1413 1854 1669 1931 pedibus
1688 1899 1705 1927 ‚
1737 1855 1906 1935 quod
1932 1870 2172 1935 pectore
2199 1878 2358 1937 puro
2377 1900 2400 1933 ,

556 1952 739 2025 Quod
766 1972 955 2031 puero
983 1951 1226 2010 similis:
1256 1972 1452 2031 neque
1479 1954 1570 2011 uti
1593 1956 1906 2033 Pyrgentia
1935 1968 2149 2013 scorta.
2180 1963 2195 1976 ⁸

554 2050 668 2107 Hic
694 2049 780 2127 (1)
806 2068 1025 2127 corpus
1053 2046 1319 2107 solidum
1347 2048 1610 2107 invenies
1626 2092 1644 2120 ,
1676 2049 1776 2108 hic
1803 2052 1962 2109 stare‘
1975 2052 2230 2131 papillas

552 2150 799 2206 Pectore
824 2164 1157 2205 marmoreo
1164 2187 2222 2207 ...........................

552 2244 650 2303 Sic
677 2242 1017 2322 singillatim
1045 2242 1315 2301 nostrfim
1344 2244 1761 2322 unusquisque
1788 2258 2082 2304 movetur.

557 2340 781 2411 Sicuti,
811 2339 950 2400 cilm
978 2341 1197 2419 primas
1228 2341 1375 2398 ficus
1407 2341 1652 2420 propala
1677 2356 1941 2410 recentes

554 2439 843 2508 Protulit,
877 2451 937 2498 et
963 2438 1155 2515 pretio
1183 2437 1406 2516 ingenti
1435 2439 1536 2496 dat
1563 2428 1830 2519 prim‘ltu’
1853 2461 2096 2520 paucas.

552 2535 821 2608 Quidni?
846 2547 904 2594 et
928 2547 1121 2594 scruta
1150 2532 1395 2613 quidem
1421 2548 1491 2596 ut
1515 2531 1736 2609 vendat
1761 2539 2074 2598 scmtariu’
2089 2583 2106 2610 ‚
2131 2537 2340 2598 laudat

550 2633 922 2693 Praefractam
952 2629 1224 2710 strigilim
1241 2675 1258 2703 ‚
1284 2632 1508 2690 soleam
1535 2633 1836 2712 improbu’
1861 2633 2252 2694 dimidiatam.

550 2731 656 2791 Est
682 2728 836 2786 illud
863 2748 1109 2806 quoque
1138 2728 1283 2786 mite
1310 2729 1570 2800 malum,
1601 2729 1928 2802 blandum;
1953 2744 2134 2810 atque
2161 2731 2478 2808 dolosum,

548 2823 704 2886 etun
732 2826 910 2905 poclo
940 2825 1085 2884 bibo
1114 2825 1326 2909 eodem
1343 2869 1360 2897 ‚
1389 2826 1748 2906 amplector,
1775 2827 1940 2886 labra
1964 2829 2199 2888 labellis

539 2922 708 2986 'Ciim
735 2925 921 3005 figens
948 2943 1277 3004 compono,
1308 2923 1424 2982 hoc
1465 2938 1588 2997 est,
1627 2929 1769 2985 ciun
1801 2929 2208 3003 ψωλοκοποῦμαι.

548 3025 728 3082 Laena
754 3043 936 3081 manu
963 3023 1255 3101 Herymas
1283 3022 1519 3082 mutoni
1545 3023 1840 3102 absterget
1861 3023 2052 3086 amica
2066 3069 2086 3098 ,

548 3123 1002 3198 Componetque
1030 3120 1187 3196 latus
1212 3119 1413 3192 lateri,
1440 3133 1570 3178 tum
1598 3121 1861 3182 cruribu’
1891 3141 2064 3182 crura

550 3216 834 3276 Dilaxans
849 3261 866 3288 ‚
894 3216 1057 3275 dabit
1071 3218 1147 3302 *in
1170 3217 1410 3298 vulgam
1433 3231 1742 3296 penetrare
1770 3219 2023 3297 pilosam'
2043 3265 2062 3294 ‚

546 3315 871 3375 Cris-satura
887 3359 904 3386 ‚
934 3315 1024 3373 uti
1052 3315 1100 3373 si
1130 3315 1498 3380 frumentum
1527 3315 1796 3376 clunibu’
1819 3331 2062 3378 vannat.

538 3413 687 3477 Haec
705 3457 721 3486 ‚
746 3425 819 3470 ut
844 3411 1203 3493 muscipulae·
1220 3425 1400 3472 tentae
1418 3458 1435 3485 ‚
1460 3427 1639 3494 atque
1663 3428 1732 3474 ut
1756 3417 2014 3496 scorpiu’
2037 3418 2236 3479 cauda

550 3512 797 3574 Sublata
811 3555 829 3584 ,
854 3530 979 3570 non
1006 3523 1065 3569 te
1096 3529 1278 3589 porro
1306 3512 1631 3592 procedere
1657 3525 1906 3592 pot-cent
1922 3515 1950 3570 Ρ

1454 3614 1483 3668 I
1501 3613 1551 3669 1.
1901 3617 1914 3629 '

970 3749 1873 3770 .......................
1874 3710 2234 3808 pegma)
2337 3825 2348 3830 ·

543 3905 624 3974 (1)
650 3905 819 3954 Verba
846 3904 1213 3956 conciliatricis
1238 3906 1414 3956 Loenae.

546 3993 621 4063 (α)
649 3993 710 4044 Id
736 4003 841 4052 eet,
866 4009 1080 4064 poenam
1108 3992 1251 4063 legisz
1349 4035 1356 4040 .
