2775 4619
552 398 688 491 278
936 396 1011 464 C.
1062 394 1464 479 LUCILII
1519 394 2161 465 FRAGMENTA

1513 522 1627 579 vl.

638 622 718 681 Hi
744 638 895 699 quos
920 618 1135 678 divitiae
1163 616 1505 699 producunt
1523 660 1542 691 ,
1571 630 1632 679 et
1661 630 1842 699 caput
1865 630 2099 699 ungunt

636 717 1045 779 Horridulum.

1484 818 1538 873 V
1552 817 1582 873 Ι
1602 816 1650 873 Ῑ.

640 918 763 976 Cur
784 926 903 973 tam
924 912 1205 993 ignaviter
1230 912 1345 972 hoc
1372 911 1696 990 praesertim
1725 923 1990 989 tempore
2013 909 2245 989 quaeris.

1461 1012 1514 1067 V
1529 1012 1559 1067 1
1577 1012 1606 1067 1
1626 1012 1678 1067 1.

636 1108 965 1169 Publicitus
985 1108 1191 1167 vendis
1212 1120 1444 1182 tamen,
1467 1120 1644 1186 atque
1673 1118 1930 1167 extrema
1956 1105 2210 1186 ligurris.

1509 1207 1540 1262 Ι
1557 1207 1632 1263 X.

578 1270 583 1277 ι
635 1306 765 1364 Hoc
792 1302 955 1363 aliud
985 1303 1161 1385 longe
1186 1302 1560 1383 est,.1nqu1t
1587 1302 1694 1381 qui
1712 1322 1860 1383 cepe
1881 1302 2127 1363 serebat.

1530 1402 1610 1459 X.

634 1500 832 1560 Media
854 1518 890 1559 e
915 1499 1175 1578 pisuim.

778 1838 1309 1911 Ex-LIBRo
1371 1838 1612 1950 xyst
1678 1800 2348 1909 SATIRARUMz

1539 2022 1591 2082 1.

631 2123 793 2181 Num
818 2140 1021 2181 censes
1043 2126 1439 2197 καλλιπλόκαμον
1473 2124 1786 2196 καλλίσφυρον
1815 2120 1980 2182 illam

628 2222 766 2277 Non
774 2218 1004 2278 licitum
1016 2241 1141 2279 esse
1150 2234 1384 2279 uterum
1393 2236 1589 2302 ,atque
1599 2222 1776 2281 etiam
1788 2220 2281 2301 inguina.tangere
2293 2220 2575 2281 mammis?

626 2319 1024 2396 compernem
1050 2332 1153 2377 aut
1176 2339 1371 2380 varam
1400 2321 1580 2381 fuisse
1607 2319 2060 2400 Amphitruonis
2088 2323 2276 2375 ἄκοιτιν

626 2413 973 2474 Alcmenam
995 2428 1173 2495 atque
1199 2415 1339 2475 alias
1356 2461 1373 2488 ,
1403 2420 1627 2478 Ledam
1652 2417 1840 2498 ipsam
1867 2417 2124 2495 denique
2151 2413 2296 2475 nolo

626 2512 838 2571 Dicere
855 2557 873 2584 ‚
902 2526 1027 2571 tute
1051 2515 1185 2574 vide
1202 2557 1218 2586 ‚
1244 2535 1311 2573 ac
1343 2515 1708 2594 dissyllabon
1736 2515 1888 2596 elige
1912 2514 2182 2593 quodvis.

627 2612 766 2681 Τυρὼ
796 2615 1111 2686 novt-avienum
1140 2612 1401 2696 aliquam
1426 2636 1552 2674 rem
1578 2614 1866 2694 insignem
1895 2611 2171 2672 habuisse
2191 2653 2210 2681 ‚

625 2710 979 2782 verrucam,
1012 2732 1248 2771 naevum
1273 2712 1504 2794 pictum
1526 2757 1543 2784 ,
1574 2712 1814 2771 dentem
1841 2709 2174 2769 eminulum
2197 2729 2417 2768 unum.

1502 2815 1530 2868 1
1547 2811 1594 2868 1.
1675 2872 1678 2876 ,

522 2961 529 2976 ,
626 2905 847 2967 Caetera
874 2906 1233 2980 contemnit,
1270 2921 1327 2966 et
1353 2909 1416 2966 in
1444 2905 1624 2966 usura
1655 2907 1850 2983 omnia
1876 2904 2046 2986 ponit

619 3005 758 3062 Non
772 3023 1034 3086 magna:
1065 3007 1373 3088 proprium
1395 3027 1535 3067 vero
1565 3003 1651 3065 nil
1676 3005 1978 3066 nerninem
2003 3003 2245 3064 habere.

1484 3109 1515 3163 1
1533 3107 1562 3162 1
1582 3109 1633 3163 Ι.-

626 3196 910 3257 Villicum
936 3202 1352 3263 Aristocratem
1378 3203 1796 3262 mediastinum
1821 3214 2000 3282 atque
2025 3200 2372 3262 bubulcum

612 3391 663 3439 6.
690 3392 921 3444 Nonius:
947 3391 1333 3440 Horrendum'et
1357 3390 1522 3440 hom·-
1679 3406 1758 3439 ιο.
1786 3389 2070 3450 Charisius,
2097 3389 2189 3438 lib.
2213 3391 2268 3438 1:
2296 3389 2579 3451 Pherinum,

538 3465 658 3518 'dum
678 3469 869 3518 habent
884 3470 1151 3534 plurimam
1170 3469 1522 3518 diversitatem.
1601 3471 1896 3520 neutraliter
1917 3471 2103 3520 dicitur
2116 3505 2131 3530 ,
2153 3471 2242 3518 sed
2261 3471 2516 3532 Lucilius,
2532 3473 2582 3520 in

536 3550 626 3598 Est
648 3551 783 3602 enim
802 3547 1092 3598 horrendum
1121 3558 1305 3597 tetrum
1324 3559 1373 3596 et
1391 3549 1523 3598 vita-
1601 3553 1751 3610 xv1,
1772 3553 2016 3620 feminine
2041 3553 2240 3601 extulit.

536 3628 670 3689 bile;
701 3631 953 3680 horridum
979 3631 1276 3698 plerumque
1296 3639 1522 3691 exstans,
1679 3650 1726 3681 1.
1754 3635 1980 3682 Nonius:
2009 3635 2297 3698 Compemeq
2306 3667 2328 3692 ‚
2349 3633 2583 3683 dicuntur

536 3721 590 3759 et
610 3712 906 3776 prominens
936 3719 985 3760 et
1018 3709 1282 3759 incultum.
1597 3713 1762 3779 longis
1781 3714 2010 3779 pedibus.
2035 3715 2206 3762 Idem:
2235 3714 2389 3773 Vari,
2411 3715 2584 3764 dieun-

611 3808 661 3852 7.
678 3791 905 3840 Nonius:
925 3791 1199 3857 [gnaviter‚
1220 3807 1314 3856 pro
1330 3790 1520 3857 ignave.
1601 3803 1686 3842 tut·
1707 3795 1920 3844 obtortis
1941 3796 2141 3860 plantis.

610 3871 658 3918 8.
686 3872 931 3921 Nonius.
966 3869 1264 3931 Public-itus,
1291 3889 1390 3938 pro
1418 3890 1522 3939 pu-
1675 3891 1724 3924 2.
1757 3877 1992 3927 Nonius:
2020 3876 2306 3941 Pmoun,
2337 3875 2582 3943 signifieat

533 3949 681 4000 Μία.
756 3967 761 3974 ·
1601 3973 1802 4008 rursum
1833 3960 2153 4027 perpetuum.

608 4049 660 4096 9
688 4031 917 4084 Nonius:
942 4035 1065 4102 cepe
1074 4072 1093 4099 ,
1116 4036 1310 4105 generis
1332 4037 1520 4086 neutri.
1675 4041 1722 4090 3.
1748 4039 1976 4092 Nonius·
2001 4039 2348 4101 Mediastinus,
2373 4053 2488 4091 non
2505 4053 2580 4088 ιο-
