2775 4619
583 347 713 415 ,οε
1045 316 1054 324 ’
1102 342 1640 412 snLrlmAE
1707 346 2100 417 SATmA.

666 474 785 539 Ast
814 470 933 537 ubi
963 491 1116 561 apes
1154 492 1378 537 secura
1412 470 1616 554 redit,
1653 472 1858 538 oblita
1891 475 2190 542 favorum
2549 484 2618 544 ⁵5

668 589 863 654 Plebs
879 637 898 670 ‚
928 604 1265 676 materque
1296 610 1429 653 una
1463 608 1694 655 somno
1727 590 2104 657 moriuntur
2129 592 2356 659 obeso.
2403 670 2414 676 ,

661 703 1165 770 Romulidarum
1190 704 1393 793 igitur
1415 703 1612 794 longa
1635 720 1702 771 et
1725 706 1938 797 gravis
1963 708 2238 773 exitium
2263 731 2412 797 pax.

665 820 824 886 Haec
856 818 1090 884 fabella
1120 817 1319 883 modo
1356 816 1638 907 pausam'
1657 818 1830 885 facit.
1861 819 2148 909 Optuma
2173 822 2445 913 posthac

660 936 850 1003 Musa
866 985 884 1020 ‚
908 935 1104 1001 velim
1132 956 1398 1000 moneas
1412 983 1431 1016 ‚
1463 935 1604 1001 sine
1637 958 1769 1023 qua
1803 936 1972 1003 mihi
2003 938 2186 1003 nulla
2213 940 2516 1029 voluptas

662 1052 930 1133 Vivere,
956 1052 1055 1116 uti
1079 1049 1413 1139 quondam
1433 1049 1681 1139 Lydus,
1703 1050 1866 1115 dum
1888 1052 2164 1141 Smyrna
2183 1054 2472 1142 peribat,
2545 1067 2617 1117 60

660 1168 727 1233 N
728 1191 859 1232 unc
885 1166 1113 1231 itidem
1142 1166 1423 1257 mig-rare
1447 1165 1684 1248 velint3
1723 1167 1828 1231 vel
1854 1166 2146 1255 denique
2172 1167 2432 1257 quidvis

660 1285 753 1349 Ut
776 1284 946 1365 Dea,
972 1304 1191 1371 quaere
1212 1281 1424 1347 aliud:
1456 1299 1712 1347 tantum
1738 1282 2033 1347 Romana
2057 1284 2300 1349 Caleno

658 1398 936 1479 Moenia,
958 1394 1282 1484 jucundos
1312 1397 1686 1485 pariterque
1713 1396 1974 1462 adverte
2003 1398 2298 1463 Sabinos,
2412 1376 2418 1381 ⁵

660 1514 819 1579 Haec
842 1535 999 1603 ego:
1024 1530 1165 1577 tum
1194 1513 1420 1601 paucis
1447 1514 1585 1579 Dea
1618 1536 1724 1579 me
1757 1513 2068 1603 dignatur
2085 1561 2106 1595 ‚
2135 1531 2202 1581 et
2229 1514 2416 1580 infit:

660 1630 847 1694 Pone
882 1643 1095 1695 metus
1126 1650 1345 1715 aequos
1382 1626 1621 1692 cultrix
1653 1652 1834 1710 mea,
1867 1652 2123 1695 summa
2157 1646 2440 1719 tyranno
2550 1637 2620 1695 65

661 1745 818 1809 Haec
844 1746 1087 1809 instant
1118 1744 1270 1809 odia
1284 1792 1303 1827 ,
1330 1760 1398 1809 et
1433 1758 1658 1809 nostro
1691 1745 2025 1833 periturus
2061 1745 2316 1811 honore
2346 1760 2464 1811 est.

660 1860 727 1925 N
726 1884 831 1951 am
864 1859 1109 1925 laureta
1142 1858 1376 1923 Numae
1397 1906 1417 1936 ,
1445 1858 1788 1946 fontesque
1818 1858 2186 1925 habitamus
2219 1858 2488 1941 eosdem
2503 1908 2528 1943 ,

660 1976 747 2042 Et
779 1975 1015 2041 comite
1050 1974 1283 2063 Egeria
1314 1946 1604 2038 ridemus
1639 1973 1860 2039 inania
1891 1990 2120 2063 coepta.

656 2092 849 2171 Vive,
872 2091 1045 2171 vale,
1068 2105 1287 2154 manet
1311 2089 1492 2153 hunc
1519 2087 1870 2177 pulchrum
1896 2105 2010 2153 tua
2035 2088 2202 2153 fama
2225 2086 2536 2155 dolorem

658 2206 999 2271 Musarum
1025 2202 1303 2293 spondet
1325 2202 1564 2268 chorus
1579 2252 1597 2287 ‚
1625 2218 1692 2269 et
1715 2202 2046 2268 Romanus
2067 2202 2328 2293 Apollo.
2551 2230 2626 2285 7⁰

650 2401 738 2455 56.
774 2402 948 2460 Plebs,
972 2411 1228 2464 materque
1260 2416 1361 2448 una
1375 2435 1394 2458 ,
1421 2396 1540 2467 eta]
1626 2396 1752 2449 bem
1772 2435 1789 2463 ,
1823 2395 2048 2468 opifices
2083 2409 2136 2450 et
2179 2409 2379 2450 matres
2403 2417 2418 2450 τ
2458 2397 2624 2471 quod

572 2479 758 2550 Vulgo
789 2517 808 2544 ,
836 2478 1125 2545 fraterque.
1177 2476 1385 2528 Plinius
1437 2495 1550 2530 cra-
1627 2496 1696 2529 an
1725 2478 1902 2548 vespis
1933 2496 2158 2549 quoque
2188 2478 2482 2533 conveniat
2500 2517 2518 2546 ,
2541 2477 2628 2536 vi-

571 2560 811 2614 bronum
844 2557 958 2611 duo
994 2575 1190 2630 genera
1230 2557 1359 2611 facit
1380 2594 1400 2622 ,
1429 2558 1548 2630 ple·
1629 2555 1876 2612 dendum
1895 2571 1994 2612 est.
2023 2563 2084 2609 V.
2107 2559 2256 2612 schol.

644 2751 709 2796 V.
736 2747 821 2806 64.
845 2749 926 2798 Me
942 2747 1181 2814 dignatur
1205 2759 1257 2798 et
1278 2745 1404 2816 infit.
1429 2746 1535 2799 Alii
1549 2780 1566 2810 ‚
1589 2763 1668 2798 me
1688 2746 1941 2814 dignarier
1963 2745 2088 2816 infit.
2129 2747 2188 2796 V.
2211 2747 2362 2798 schol.
