2775 4619
615 415 1848 495 Exmssnoxxvmsssm.
1991 512 1998 521 ι
2121 389 2342 513 295'

1188 544 1282 600 11.

256 641 633 702 Orationem
654 640 842 699 facere
870 639 1183 719 compendi
1208 652 1438 720 potest·
1423 684 1441 712 ,

256 740 451 799 Solvi
474 738 621 797 dum
649 738 808 797 salvo
836 738 899 797 in
922 750 1123 816 tergo,
1152 750 1213 795 et
1239 738 1389 817 tergi
1415 758 1537 798 non
1565 737 1723 798 licet.

1148 836 1177 892 1
1188 839 1227 894 Ι
1244 839 1289 897 Ι.

264 933 578 993 Polemon
598 945 658 990 et
674 932 887 992 amavit
908 936 1169 1018 cratem,
1192 944 1256 991 et
1273 932 1417 992 huic
1437 932 1754 993 transmisit
1771 954 1939 995 suam
1960 934 2254 1008 scholam...

166 1050 397 1110 quam
426 1030 677 1089 ducunt.

1164 1112 1192 1169 1
1207 1112 1281 1169 V.
1537 1124 1542 1135 ’
2194 1144 2213 1173 s

272 1212 669 1285 Quapropter
692 1218 919 1287 certum
950 1217 1039 1265 est
1064 1206 1249 1269 facere
1276 1220 1479 1269 contra
1505 1219 1566 1269 ct
1590 1208 1902 1289 persequi,

274 1306 366 1362 Et
394 1322 611 1361 nomen
639 1302 865 1361 deferre
896 1302 1169 1364 hominis.
1182 1387 1236 1440 V

236 1479 513 1538 Omnia
532 1479 761 1537 viscatis
786 1481 1055 1538 manibus
1086 1483 1273 1559 leget,
1301 1455 1505 1545 omhia
1524 1494 1744 1575 sumet,

276 1577 475 1637 Crede
497 1576 673 1647 mihi,
700 1598 895 1671 presse
920 1580 1147 1637 auferet
1174 1574 1385 1637 omnis.

1163 1680 1217 1734 V
1231 1678 1281 1733 Ι.
1879 1741 1887 1751 ,

282 1775 373 1831 Ut
394 1772 444 1829 si
465 1770 803 1850 progeniem
830 1773 1131 1853 antiquam
1145 1816 1163 1844 ,
1189 1794 1309 1853 qua
1330 1786 1420 1833 est
1439 1772 1720 1839 ‘Maxima’
1746 1772 2036 1847 Quinctus
2051 1818 2069 1847 ,
2169 1825 2173 1830 .

287 1867 425 1941 Qu&
448 1868 733 1928 varicosu’
761 1883 980 1928 vatrax.
1733 1860 1738 1865 ⁸

967 2012 971 2016 .
1042 2031 1045 2033 v
1136 1952 1239 2009 Vt
1257 1954 1305 2007 1.

302 2086 1434 2105 .............................
1465 2047 1724 2126 Sospitat
1739 2091 1757 2121 ,
1813 2098 1818 2104 .

287 2143 561 2221 Impertit
587 2144 832 2203 salutem
857 2145 1209 2223 plurimam,
1238 2156 1296 2202 et
1320 2145 1740 2223 plenissimam.

1122 2246 1177 2301 v
1193 2244 1221 2299 1
1240 2242 1332 2300 ιι.
1485 2226 1525 2245 “’

285 2340 535 2400 Doctior
573 2341 793 2399 caeteris
821 2315 1138 2430 isasamitis
1180 2353 1375 2400 mutes
1417 2322 1619 2421 aliquo
1656 2352 1855 2400 tecum
1893 2359 2052 2400 sacra
2097 2341 2244 2400 facta

200 2438 376 2496 vitia.

1152 2523 1189 2576 1
1206 2523 1283 2578 X.

289 2615 658 2674 Socraticum
684 2614 830 2693 quid
856 2627 990 2674 ante
1016 2628 1263 2694 tyranno
1288 2616 1514 2688 misisse
1536 2615 1903 2692 Aristippum
1921 2627 2246 2686 autumant.

401 2715 409 2721 '
1177 2716 1253 2770 X.
1323 2745 1331 2748 -
1672 2703 1699 2718 ⁶

286 2809 625 2870 Concedere
652 2831 839 2868 unum
858 2855 875 2883 ,
899 2823 1077 2889 atque
1097 2811 1159 2868 in
1181 2830 1253 2869 eo
1279 2810 1504 2882 dicere,
1528 2829 1651 2888 quo
1675 2821 1986 2886 superatur
2005 2821 2232 2867 manus.

1164 2899 1301 2968 XI.
2067 2893 2070 2896 ’

290 3005 401 3062 Vel
428 3003 477 3061 si
500 3001 615 3061 alio
644 3023 795 3080 opus
822 3005 896 3062 sit
924 3005 1074 3063 forte
1089 3025 1121 3075 ‚¹
1136 3005 1183 3062 si
1210 3005 1350 3062 hinc
1378 2993 1582 3085 aliqu‘o
1611 3003 1900 3061 cesseris..

706 3166 711 3170 ,
1139 3105 1200 3159 X
1216 3106 1245 3160 Ι
1262 3104 1309 3158 Ι.

289 3197 443 3256 Hinc
470 3197 545 3255 ad
570 3217 667 3256 me
682 3241 698 3269 ‚
722 3197 860 3256 hinc
880 3197 1021 3257 licet
1046 3217 1191 3255 anus
1220 3218 1456 3257 rursum
1481 3197 1556 3256 ad
1581 3198 1900 3256 armillum.

1103 3299 1164 3353 X
1181 3299 1261 3353 I'I
1284 3298 1331 3352 Ι.

288 3390 551 3451 Minitari
575 3405 784 3472 aperte·
802 3393 1008 3471 capitis
1034 3392 1333 3451 dicturum
1364 3391 1544 3451 diem.
1565 3375 1592 3468 ¹¹

284 3597 339 3630 a.
363 3581 587 3634 Nonius:
622 3583 805 3646 Terga,
832 3578 997 3628 dorsa.
1346 3598 1391 3642 7.
1419 3583 1616 3631 Nonius
1634 3599 1644 3628 ε
1665 3581 1902 3646 Impertic.

282 3664 331 3710 3.
350 3662 576 3712 Nonius.
600 3660 953 3718 mnsmictene,
968 3659 1189 3720 tradere,
1341 3665 1390 3713 8.
1419 3663 1646 3718 Nouius:
1671 3666 1894 3718 Mutare,
1918 3659 2201 3716 transferte.

208 3741 574 3811 derelinquere.
1241 3753 1247 3765 ‘
1342 3762 1391 3810 9.
1414 3748 1611 3795 Nonius
1624 3779 1638 3804 ,
1659 3729 1929 3794 Auturimre
1949 3751 2022 3788 est
2039 3742 2217 3790 dicere.

282 3819 1185 3888 4.Non.querre‚colammp1-odere.
1344 3843 1424 3874 10.
1452 3826 1682 3876 Nonius:
1713 3822 1982 3876 concedere
1996 3855 2016 3879 ,
2055 3822 2260 3872 credero

284 3904 331 3952 5.
376 3903 579 3954 Nonius
610 3920 621 3952 :
664 3893 885 3969 Legem,
904 3906 1190 3969 surripere.
1271 3907 1351 3957 vel
1379 3906 1680 3954 consentire.

209 3983 387 4034 Idem·
374 4019 387 4030 .
416 3985 613 4034 Sumerb
635 3994 707 4034 est
726 3985 951 4050 accipere
966 4020 981 4044 ,
1002 3987 1189 4036 tollere.
1310 3987 1313 3996 '
1347 4001 1369 4030 1
1384 4001 1426 4030 1.
1454 3981 1684 4029 Nonius:
1709 3979 1885 4028 Gedere
1896 4014 1914 4038 ,
1936 3979 2182 4040 recedere.

280 4064 332 4112 6.
352 4063 579 4114 Noniusz
608 4065 801 4115 Vacrasc
822 4074 873 4116 et
886 4063 1160 4120 vau-iamne
1171 4095 1190 4126 ,
1346 4077 1426 4108 ιιι.
1454 4060 1680 4109 Nonius:
1703 4060 1977 4108 Armillum.

210 4144 425 4212 pedibus
455 4144 659 4198 vitiosis.
1070 4209 1079 4216 .
1188 4130 1192 4134 ¹
1349 4159 1370 4192 1
1383 4143 1428 4192 3.
1456 4140 1682 4193 Nonius:
1710 4141 1910 4201 Dicere,
1937 4140 2254 4191 denuntiare.
