2775 4619
931 614 1416 706 SATIRA
1479 617 1551 704 Ι.

945 851 1055 896 DE
1098 849 1515 898 VATIBUS.

513 1030 1933 1134 PERSIUS‚ADVERSAR1US

991 1283 1419 1328 runsIUS.

255 1456 264 1462 ·
299 1370 417 1490 O
447 1443 657 1486 cums
679 1421 1064 1486 hominum!
1093 1422 1134 1486 ὁ
1159 1437 1479 1510 quantum
1503 1424 1690 1488 estin
1714 1423 1907 1488 rebus
1931 1421 2125 1488 inane
2144 1427 2245 1488 ¹.

896 1575 1557 1619 ADVERSARIUS.

295 1675 460 1758 Quis
494 1677 670 1766 leget
700 1675 888 1743 haec?

991 1810 1413 1858 PBRSIUS.

877 1931 1040 1994 Min’
1065 1947 1136 1994 tu
1157 1931 1331 2032 istud
1353 1929 1487 1996 ais?

898 2077 1574 2136 annnsARIUffi

280 2444 329 2479 1.
357 2430 404 2478 Ο
419 2445 567 2477 curas
587 2426 838 2476 hominum
851 2427 968 2493 l...]
987 2423 1181 2477 Satitas

211 2525 547 2579 aggressurus
567 2544 588 2571 ‚
619 2512 779 2578 poeta
819 2505 922 2562 hoc
959 2504 1183 2561 exordio

213 2588 395 2659 incipit
421 2588 660 2658 abrupto
677 2623 695 2649 ‚
725 2599 779 2639 et
811 2585 1067 2657 gravitate
1096 2604 1182 2637 re-

213 2667 343 2719 ferto
356 2707 372 2731 ,
404 2686 519 2739 quo
558 2666 716 2739 fingit
755 2684 810 2720 se
845 2664 1088 2719 defixum
1126 2666 1184 2717 in

211 2748 660 2820 contemplatione
673 2766 858 2799 rerum
876 2745 1066 2799 mundi
1083 2747 1185 2800 hu-

203 2828 300 2895 jus,
317 2846 624 2901 eorumque
643 2827 890 2879 omnium
909 2845 1028 2897 quae
1044 2845 1187 2879 mor-

208 2908 330 2959 tales
344 2920 515 2979 agunt
525 2945 542 2972 ,
561 2925 726 2979 seque
738 2945 752 2969 ,
766 2907 879 2959 haec
894 2908 1184 2978 plusquam

207 3004 338 3039 vana
355 3006 470 3054 esse
484 2990 611 3039 cum
623 2986 1102 3050 animadvertisset,
1115 2984 1183 3041 de

208 3066 452 3121 futilibus
476 3068 765 3119 hominum
797 3068 940 3119 curis
969 3068 1184 3119 satiram

207 3146 439 3199 scribere
466 3146 773 3199 instituisse.
812 3146 1010 3198 Similis
1037 3144 1183 3219 apud

208 3226 240 3276 J
241 3246 398 3279 uven.
421 3228 572 3279 locus
589 3264 608 3293 ,
628 3227 910 3279 satirarum
929 3227 1083 3280 initio
1108 3247 1121 3277 ε

207 3328 450 3390 Quidquid
478 3339 626 3391 agunt
655 3330 890 3387 homines,
911 3341 1072 3377 votum
1087 3366 1100 3388 ,
1121 3333 1182 3378 ti·-

326 3416 459 3456 mor‚
484 3401 582 3456 ira,
605 3401 821 3462 voluptas
835 3436 850 3457 ,

211 3470 414 3527 Gaudia,
435 3472 696 3529 discursus,
719 3474 872 3523 nostri
898 3482 972 3519 est
996 3474 1184 3539 farrago

324 3542 501 3588 libelli.
789 3596 794 3601 ι

207 3635 401 3689 similis
415 3657 642 3711 quoque
657 3638 804 3711 apud
820 3640 1178 3694 Salomonem:

212 3718 412 3768 Vanitas
435 3714 721 3771 ‘vduitatum
736 3756 753 3783 ,
767 3735 819 3769 et
842 3724 1010 3771 omnia
1027 3724 1180 3771 vani-

207 3798 410 3850 tas.Vix
417 3818 606 3852 versus
619 3801 720 3852 iste
736 3800 1035 3870 emphatice
1050 3820 1178 3872 pro·

205 3878 490 3932 nunciatur
509 3918 525 3947 ,
553 3882 684 3933 cum
711 3899 782 3933 ex
807 3879 1032 3935 adverso
1059 3900 1177 3935 sur-

207 3954 279 4025 git
297 3961 480 4013 nescio
503 3960 628 4032 quis
648 3960 732 4012 sui
753 3961 930 4013 saeculi
943 4000 959 4029 ‚
982 3974 1101 4013 tum
1120 3961 1176 4013 in

207 4036 376 4108 factis,
395 4054 515 4095 tum
535 4042 594 4094 in
612 4040 842 4113 scriptis,
858 4042 1177 4115 corruptelae

1460 2213 1524 2278 N
1527 2233 1673 2276 emo
1685 2261 1703 2294 ‚
1728 2209 2029 2279 Hercule.

1238 2482 1250 2491 .
1260 2420 1485 2477 stolidus
1503 2420 1813 2491 admirator,
1829 2424 1927 2497 qui
1941 2425 2239 2499 incoeptum

1261 2504 1331 2559 de
1369 2505 1602 2560 vanitate
1646 2526 1833 2559 rerum
1880 2508 2240 2564 humanarum

1261 2604 1563 2639 sermonem
1579 2586 1855 2658 intercipit
1872 2623 1890 2650 ,
1907 2584 2091 2640 dicens
2105 2608 2119 2637 ε
2136 2591 2245 2655 quis

1264 2668 1391 2732 leget
1416 2668 1522 2715 haec
1542 2674 1569 2715 ι’
1602 2664 1739 2718 Inde
1758 2702 1774 2729 ‚
1804 2684 1834 2717 a
1868 2666 2243 2739 philosophica

1263 2746 1716 2817 contemplatione
1734 2785 1748 2809 ‚
1776 2758 1830 2799 et
1868 2748 2141 2810 moribus,
2174 2746 2241 2799 ad

1263 2826 1431 2877 malos
1445 2832 1627 2897 poetas
1638 2864 1652 2887 ,
1671 2838 1725 2878 et
1743 2824 1809 2878 ad
1824 2844 2016 2877 eorum
2030 2825 2241 2895 ineptos

1263 2919 1548 2958 sectatores
1586 2906 1854 2958 delabitur
1890 2924 2067 2957 sermo
2085 2942 2102 2968 ‚
2142 2906 2241 2975 qui

1264 3001 1413 3039 totus
1434 2984 1725 3063 &aloytx'ffiq
1749 2983 2012 3058 legendus
2034 2998 2131 3038 est.
2151 2988 2241 3037 In-

1262 3076 1522 3135 terpretes
1572 3064 1825 3136 plerique
1877 3065 2026 3118 huno
2056 3064 2241 3117 ‘Persii

1263 3146 1495 3199 amicum
1512 3183 1530 3209 ‚
1550 3164 1645 3199 seu
1666 3146 1993 3207 monitorem
2013 3146 2244 3209 volunt3

1262 3244 1361 3297 ego
1385 3244 1515 3277 vero
1536 3264 1551 3285 ,
1590 3237 1643 3277 et
1681 3244 1961 3278 morosum
1995 3220 2265 3280 adversas

1258 3306 1406 3359 rium
1425 3344 1441 3369 ‚
1466 3318 1519 3358 et
1545 3304 1840 3359 ridiculum
1870 3324 2053 3359 senem
2082 3306 2239 3358 intel-

1256 3386 1386 3457 lige.
1412 3380 1591 3439 Meam
1611 3386 1926 3439 sententiam
1945 3384 2141 3456 dialogi
2162 3404 2242 3437 se-

1261 3466 1366 3518 ries
1390 3478 1443 3518 et
1460 3464 1597 3518 ordo
1619 3466 1991 3537 comprobant.
2025 3462 2084 3515 C.
2100 3475 2152 3515 et
2172 3464 2236 3515 A.

1335 3579 1381 3613 2.
1414 3563 1539 3611 Min'
1564 3576 1615 3611 tu
1644 3564 1775 3613 istud
1801 3564 1942 3629 ais12]
1970 3560 2239 3612 Dicuntur

1259 3641 1374 3694 haec
1394 3661 1424 3697 a
1444 3642 1663 3707 Pel-sin,
1685 3643 1755 3695 ob
1780 3660 1968 3695 vocem
2001 3639 2238 3711 repenti-

1259 3740 1384 3775 nam
1426 3723 1651 3776 attonito
1705 3725 1819 3794 ejus
1839 3761 1856 3788 ‚
1899 3738 2065 3791 quem
2115 3738 2236 3773 nes-

1261 3804 1435 3855 ciebat
1453 3802 1634 3855 adesse
1650 3840 1668 3865 ,
1692 3816 1787 3855 aut
1805 3803 1863 3853 in
1890 3799 2236 3854 meditatione

1258 3895 1403 3950 totus
1441 3901 1550 3935 non
1591 3881 1870 3951 cogitabat.
1905 3879 1969 3931 C.
1997 3882 2238 3931 -Nemo

1256 3962 2239 4035 Hercule.Romanijurabant'perDeoS,

1256 4044 1376 4116 scil.⁸
1405 4062 1505 4116 per
1538 4044 1761 4110 Jovem,
1789 4042 2109 4108 Herculem,
2131 4053 2234 4094 etc.
