2775 4619
566 384 697 513 288
968 444 1040 508 C.
1096 441 1493 507 LUCILII
1545 437 2190 510 FRAGMENTA

1427 568 1486 624 X
1505 570 1553 625 L
1573 568 1602 623 1
1621 570 1650 624 Ι
1670 568 1717 625 1.

645 668 1020 743 Quapropter
1048 664 1235 723 deliro
1256 706 1274 737 ‚
1296 676 1357 723 et
1384 662 1602 741 cupide
1633 663 1898 723 officium
1924 664 2144 744 fungo}-
2169 664 2460 725 ruderum.

1444 763 1507 818 X
1523 766 1572 819 L
1587 764 1615 818 Ι
1629 764 1703 819 V.

644 858 709 920 Si
734 857 901 937 quod
922 857 1172 917 verbum
1196 858 1542 917 inusitatum
1561 898 1577 928 ,
1605 870 1708 917 aut
1736 860 2036 931 ζητημάτων
2065 860 2440 919 offenderam.

874 962 881 967 ’
1469 957 1528 1012 X
1549 957 1596 1011 L
1614 958 1688 1013 V.

644 1056 832 1111 'ruam
859 1049 1165 1129 probatam
1191 1050 1339 1109 mihi
1366 1063 1426 1109 et
1452 1062 1768 1128 spectatam
1795 1052 2050 1111 maxime
2075 1052 2538 1137 adolesceutiam.

1450 1151 1511 1207 X
1528 1152 1575 1206 L
1589 1152 1641 1205 V
1655 1150 1706 1206 1.

647 1246 801 1305 Cum
828 1244 1025 1303 studio
1052 1245 1115 1303 in
1140 1245 1448 1325 gymnasio
1477 1244 1706 1322 duplici
1723 1264 1944 1323 corpus
1965 1247 2277 1307 siccassem
2301 1247 2441 1325 pila.

1425 1343 1487 1401 X
1501 1346 1550 1399 L
1563 1346 1615 1399 V
1631 1346 1659 1400 1
1681 1344 1729 1399 Ῑ.

646 1440 821 1499 Malis
851 1459 1086 1498 necesse
1112 1451 1199 1497 est
1224 1439 1490 1511 lautum,
1515 1460 1548 1497 e
1578 1458 1780 1497 mensa
1809 1460 1958 1519 pure
1981 1452 2270 1521 capturus
2291 1441 2508 1501 cibum.

1403 1538 1463 1594 X
1483 1542 1532 1595 L
1545 1540 1596 1595 V
1614 1539 1643 1594 1
1661 1538 1690 1593 Ι
1707 1539 1756 1593 Ι.

647 1636 821 1694 Nunc
847 1632 1183 1712 ignobilitas
1210 1632 1302 1691 his
1331 1634 1552 1691 mirum
1577 1653 1646 1693 ac
1677 1634 2178 1693 monstrificabile.

1458 1734 1518 1789 X
1535 1736 1584 1789 L
1601 1734 1630 1789 1
1648 1734 1725 1789 X.

650 1828 813 1901 Quid
844 1828 953 1887 tibi
976 1826 1305 1887 cavendum
1336 1845 1536 1887 censes
1555 1872 1572 1899 ‚
1599 1828 1747 1906 quid
1771 1828 2078 1888 vitandum
2099 1828 2355 1893 maxime
2375 1832 2403 1887 Ρ

1548 1929 1615 1984 L.

650 2028 825 2095 Hunc
856 2023 1118 2083 laborem
1144 2042 1340 2083 sumas
1359 2067 1379 2096 ‚
1406 2022 1646 2083 laudem
1667 2023 1774 2101 qui
1799 2023 1998 2083 tibiae
2019 2024 2286 2083 finctum
2307 2024 2474 2083 ferat.

1511 2126 1560 2179 L
1577 2124 1623 2178 Ι.

651 2219 830 2293 Quod
857 2220 907 2277 is
930 2219 1292 2299 intelligebat
1308 2263 1326 2291 ,
1355 2238 1527 2297 posse
1554 2217 1716 2276 haud
1748 2238 1970 2296 paucos
1993 2218 2216 2279 rettuli.

1510 2320 1558 2375 L
1575 2320 1604 2373 Ι
1622 2319 1669 2373 Ῑ.

651 2412 847 2488 Quam
871 2413 1237 2473 fastidiosum
1260 2434 1332 2472 ac
1358 2433 1600 2474 vescum
1625 2434 1766 2472 cum
1793 2413 2026 2474 fastidio
2055 2415 2274 2476 edendi
2299 2415 2526 2476 vivere!

1480 2516 1529 2570 L
1546 2515 1575 2569 1
1592 2515 1622 2570 1
1637 2515 1685 2570 1.

632 2610 802 2680 ‚Mihi
830 2609 1075 2690 quidem
1096 2629 1219 2668 nou
1241 2610 1628 2687 persuadetur
1641 2652 1657 2680 ‚
1681 2599 1923 2688 publice
1945 2623 2015 2669 ut
2039 2623 2270 2670 mutem
2290 2629 2476 2670 meos.

1497 2711 1546 2766 L
1564 2710 1593 2764 1
1608 2711 1678 2766 V.

652 2805 925 2884 Denique
946 2805 1097 2864 adeo
1119 2803 1271 2864 male
1289 2824 1385 2863 me
1407 2804 1704 2882 accipiunt
1726 2804 1968 2866 decimae
1991 2819 2052 2864 et
2068 2808 2432 2884 proveniunt
2447 2805 2608 2866 male.

1527 2906 1576 2961 L
1589 2906 1662 2959 V.

648 3001 988 3080 Animoque
1018 3011 1258 3080 aegrotat
1274 3041 1292 3072 ‚
1317 2999 1574 3058 vidimus
1603 3019 1850 3079 corpore
1877 2999 2038 3059 hunc
2065 3001 2304 3080 signum
2329 3001 2494 3062 dare.

576 3219 583 3225 ·
649 3187 965 3244 43.Nonius:
986 3187 1225 3246 Delirare,
1246 3196 1322 3236 est
1337 3187 1400 3234 de
1416 3197 1553 3236 recto
1632 3188 1858 3236 Lucilius
1891 3205 1997 3237 esse
2027 3189 2320 3238 distantiam
2346 3190 2537 3261 voluit.
2565 3201 2610 3238 et

576 3270 831 3318 decedere.
848 3269 965 3316 Lim
981 3281 1147 3318 autem
1162 3280 1237 3317 est
1250 3270 1378 3317 fossa
1395 3279 1524 3318 secta
1537 3303 1552 3328 ‚
1631 3269 1748 3334 plus
1769 3285 1874 3316 esee
1892 3269 2079 3318 vitare.

572 3367 689 3416 quae
710 3360 883 3398 eontra
906 3366 1051 3414 agros
1078 3349 1293 3396 tuendos
1314 3350 1519 3397 ducitur
1535 3382 1554 3410 ,
1707 3350 1791 3397 50.
1814 3331 2046 3410 Nonium
2081 3353 2280 3400 Sumere
2294 3385 2313 3408 ,
2347 3351 2608 3416 suscipere.

574 3434 703 3480 etin
725 3447 877 3496 quam
900 3431 1039 3495 uligo
1062 3440 1206 3478 terrae
1224 3430 1472 3478 decurrat.
1706 3431 1791 3478 51.
1831 3429 2029 3478 Nonius
2049 3447 2062 3477 ε
2089 3429 2288 3495 Referre
2304 3467 2325 3489 ,
2364 3431 2582 3496 perferre
2599 3464 2612 3487 ,

648 3521 733 3570 44.
758 3512 980 3562 Nonius:
1004 3509 1291 3575 offendere,
1308 3510 1553 3560 invenire.
1632 3509 1874 3558 indicare.

648 3593 730 3650 45.
761 3592 984 3641 Nonius:
1010 3590 1273 3638 Pmbaeum
1300 3599 1350 3637 et
1372 3601 1558 3654 ‚specta-
1708 3591 1793 3637 52.
1820 3591 2045 3639 Nonius:
2071 3593 2308 3648 Vescum,
2345 3591 2500 3640 nimis
2527 3591 2616 3640 oh-

576 3684 681 3719 tam
698 3671 775 3720 vis
792 3670 992 3735 majoris
1010 3679 1104 3718 est.
1634 3684 1856 3716 scuram.

648 3753 739 3810 46.
770 3753 993 3800 Nonius:
1016 3751 1221 3807 Siccam,
1236 3751 1530 3799 exereitum.
1707 3750 1792 3797 53.
1807 3749 2238 3818 Nouiusfflffutare,
2250 3749 2616 3815 derelinquere.

652 3841 737 3894 47.
777 3833 977 3882 Nonius
1006 3851 1019 3880 z
1055 3831 1266 3880 Lautum
1284 3867 1303 3890 ,
1335 3831 1551 3878 nudum.
1707 3830 1793 3882 54.
1843 3829 2041 3878 Nonius
2075 3846 2086 3877 :
2133 3833 2424 3878 Proventum
2474 3835 2620 3880 etiam

578 3911 719 3960 Idem
742 3928 753 3958 :
787 3913 995 3976 Capem,
1026 3911 1269 3978 accipere.
1508 3903 1511 3915 '
1636 3911 1882 3960 malarum
1929 3925 2098 3960 rerum
2141 3911 2244 3958 diei
2287 3922 2488 3960 veteres
2532 3930 2623 3962 vo-

575 4040 579 4043 ,
656 3991 741 4046 48.
765 3991 990 4039 Nonius:
1015 3991 1429 4060 Monsmflcabile.
1633 3990 1856 4040 luerunt.

655 4079 740 4131 49.
761 4069 979 4120 Nonius:
996 4074 1136 4122 Inter
1152 4089 1318 4122 cavete
1331 4083 1380 4121 et
1391 4072 1558 4122 ‘m'tm'e
1713 4072 1793 4119 55.
1815 4071 2046 4123 Nonius:
2073 4075 2236 4132 Dare,
2261 4073 2547 4128 ostendere.
