2775 4619
665 438 1247 506 LUCILIANI
1312 438 1906 505 CENTONES.
2195 438 2372 528 317⁴.

341 567 623 626 Vitemus
647 565 840 623 Licini
866 566 1052 623 Fanni
1080 577 1351 635 centusse
1379 564 1614 625 misello
1631 608 1649 639 ,

349 668 503 737 Quae
528 662 739 743 gallam
762 662 967 721 bibere
988 702 1006 731 ,
1035 682 1102 721 ac
1124 682 1311 742 rugas,
1326 662 1664 721 conducere
1687 663 1907 723 ventris

346 764 524 821 Fan-e
550 780 822 831 aceroso,
850 760 986 819 oleo
1003 802 1021 831 ‚
1052 772 1113 819 et
1139 762 1408 819 Cumano
1433 780 1583 838 pane
1611 760 1822 839 coegit.

346 862 564 917 Ostrea
585 858 753 916 nulla
774 857 900 915 fuat
918 902 935 930 ‚
956 877 1080 916 non
1106 876 1370 935 purpura
1396 856 1564 915 nulla
1589 856 1818 929 Pelori3

346 956 751 1015 Pulmentaria
766 998 784 1027 ‚
813 968 885 1013 ut
910 955 1153 1034 intybus
1168 997 1185 1025 ,
1214 967 1318 1012 aut
1338 954 1538 1033 aliqua
1559 954 1623 1011 id
1645 974 1832 1033 genus
1857 954 2037 1013 herba
2055 998 2075 1029 ,

350 1054 640 1133 Asparagi
665 1052 879 1112 molles
895 1096 911 1124 ,
940 1052 1041 1111 fici
1067 1051 1458 1111 comedantur
1485 1063 1544 1109 et
1569 1073 1700 1110 uvae
1715 1096 1734 1123 ‚

352 1149 581 1209 Flebile
608 1170 752 1227 cepe
782 1149 995 1222 simul,
1024 1149 1488 1228 lacrymosasque
1517 1149 1724 1207 ordine
1749 1149 1945 1208 thallae
1959 1193 1976 1223 ,

354 1249 433 1307 Et
452 1248 555 1327 jus
586 1268 945 1306 maenarum:
973 1248 1124 1306 hene
1152 1246 1331 1306 habet
1350 1291 1367 1319 ‚
1399 1247 1488 1304 sin
1515 1247 1778 1325 mictyris
1800 1246 1926 1305 haec
1947 1266 2114 1307 merx
2130 1290 2147 1318 ,

356 1346 574 1403 Caseus
598 1344 738 1403 allia
765 1345 1057 1417 mollibit,
1086 1365 1225 1403 cum
1253 1344 1419 1423 pulte
1446 1344 1698 1421 adipata.
1985 1336 1991 1343 ⁸

356 1446 413 1504 Ο
435 1443 671 1522 lapathe
689 1487 707 1517 ‚
733 1456 803 1501 ut
818 1444 1037 1519 jactare
1064 1461 1303 1501 necesse
1331 1454 1450 1513 est,
1480 1442 1740 1521 cognitu'
1767 1442 1867 1500 cui
1890 1442 1998 1500 sisi

359 1544 432 1599 In
460 1562 585 1621 quo
614 1540 816 1599 Laeliu'
843 1541 1127 1599 clamores
1156 1539 1376 1619 sophos
1402 1539 1503 1597 ille
1529 1540 1758 1597 solebat

358 1639 549 1698 Edere
572 1682 590 1711 ‚
620 1638 985 1717 compellans
1013 1639 1342 1718 gumiasex
1368 1638 1578 1697 ordine
1603 1651 1836 1696 nostros
1855 1660 1872 1695 e
1927 1658 1934 1691 .·

360 1739 418 1795 Ο
440 1735 647 1807 Publi,
681 1734 719 1792 ὁ
742 1756 954 1815 gurges
980 1736 1255 1795 Galloni!
1287 1754 1349 1793 es
1377 1735 1561 1794 homo
1586 1736 2045 1831 miserxinquit,

360 1833 618 1893 Coenasti
641 1834 705 1891 in
726 1834 845 1891 vita
868 1852 1178 1912 nunquam
1199 1834 1352 1891 bene
1372 1876 1390 1904 ,
1422 1835 1561 1891 cum
1587 1834 1784 1891 omnia
1810 1832 1873 1891 in
1900 1835 2014 1893 isto

356 1931 674 1990 Consumis
690 1975 707 2003 ‚
738 1930 955 2009 squilla
972 1975 989 2003 ,
1020 1934 1355 2009 acipensere
1380 1950 1522 1989 cum
1545 1930 1898 1991 decumano·

362 2029 571 2090 Laeliu’
604 2028 884 2108 praeclare
900 2072 919 2099 ,
948 2042 1010 2087 et
1033 2042 1191 2087 recte
1226 2033 1399 2101 σοφὸς,
1426 2028 1652 2107 illaque
1675 2047 1830 2088 vere.

362 2126 662 2186 Occidunt
678 2169 697 2198 ‚
730 2128 900 2203 Lupe
918 2170 935 2199 ‚
960 2126 1221 2205 saperdae
1255 2140 1312 2184 te
1342 2138 1405 2184 et
1429 2128 1574 2201 jura·
1590 2127 1758 2185 siluri
1779 2152 1814 2196 ‚·

362 2225 612 2307 Sumina
634 2237 693 2284 te
714 2236 895 2303 atque
922 2223 1090 2283 amiae
1111 2267 1127 2297 ,
1154 2224 1317 2282 turdi
1342 2236 1402 2282 te
1417 2270 1435 2301 ,
1450 2236 1521 2283 ¹et
1542 2225 1736 2283 viscus
1756 2225 2051 2304 aprinum.

1242 2326 1272 2380 Ι
1291 2326 1320 2380 1
1338 2325 1386 2381 1.

363 2421 639 2482 Firmiter
658 2419 773 2480 hoc
795 2464 812 2492 ‚
842 2421 1225 2500 probiterque
1248 2433 1355 2480 tuo
1384 2421 1434 2478 si
1458 2420 1694 2500 pectore
1721 2419 1904 2483 fixum
1920 2465 1938 2494 ‚
1987 2443 1992 2450 ·

361 2519 588 2599 Ejicere
612 2519 795 2576 istum
818 2521 923 2576 abs
950 2531 1009 2576 te
1036 2519 1511 2596 quamprimum,
1535 2532 1594 2577 et
1620 2520 1867 2598 perdere
1891 2539 2153 2578 amorem
2175 2541 2194 2593 3

359 2616 635 2674 Vicimus
655 2659 673 2689 ‚
704 2618 742 2672 ὁ
770 2616 948 2687 socii,
978 2628 1037 2673 et
1064 2635 1335 2693 magnam
1362 2618 1743 2694 pugnavimu’
1774 2637 2035 2696 pugnam
2059 2638 2076 2673 ε

366 2711 883 2790 Virtutisquetuae
912 2710 1037 2770 haec
1064 2730 1203 2790 ergo
1231 2725 1616 2770 monumenta
1639 2712 1926 2772 locamus.

365 2813 562 2870 Macte
589 2809 763 2889 proin
784 2810 999 2868 virtute
1012 2851 1031 2882 ,
1062 2808 1360 2888 simulque
1389 2790 1481 2868 hfs
1502 2810 1770 2870 versibus
1797 2823 1942 2869 esto.

370 2908 477 2968 Sin
507 2907 735 2986 laqueis
751 2953 769 2980 ‚
799 2908 1078 2980 manicis,
1104 2907 1331 2988 pedicis
1356 2929 1525 2966 mens
1557 2908 1782 2966 irretita
1809 2921 1938 2978 est,

372 3007 579 3067 Nolito
608 3007 719 3064 tibi
744 3027 841 3065 me
870 3006 1225 3066 maledicere
1250 3027 1424 3085 posse
1450 3018 1680 3085 putare.

371 3106 479 3163 Vis
504 3117 593 3163 est
617 3104 738 3162 vita
766 3103 1008 3182 (vides)
1036 3125 1169 3184 quae
1199 3123 1309 3164 nos
1336 3106 1526 3163 facere
1556 3103 1755 3163 omnia
1781 3105 1960 3183 cogit.
2008 3149 2012 3157 .

374 3203 473 3264 Sic
504 3201 846 3281 singillatim
872 3206 1142 3260 nostrum
1168 3204 1582 3282 unusquisque
1609 3197 1884 3262 movetur
1907 3223 1924 3258 τ

374 3300 641 3360 Neminie
671 3299 907 3378 ingenio
935 3321 1301 3380 quemquam
1330 3301 1627 3360 confidere
1647 3285 1912 3380 'oportet-

375 3399 564 3458 Sicuti
592 3409 651 3455 te
666 3439 684 3470 ,
712 3418 894 3477 quem
922 3417 1091 3476 aeque
1124 3400 1382 3478 speciem
1409 3400 1544 3457 vitae
1573 3419 1697 3458 esse
1724 3411 2004 3479 putamus
2024 3443 2042 3472 ‚

378 3493 661 3574 Corporis
692 3514 724 3552 e
755 3493 934 3572 signis
960 3496 1157 3553 animo
1184 3509 1466 3576 aegrotare
1493 3495 1766 3555 videmus
1785 3540 1803 3569 ,

376 3596 501 3654 Nec
525 3611 698 3670 posse
726 3590 1005 3650 infamem
1020 3635 1037 3662 ‚
1064 3604 1423 3672 turpemque
1448 3593 1642 3652 odisse
1666 3595 1966 3671 popinam.

380 3690 499 3750 Sed
524 3703 721 3747 tamen
749 3687 865 3746 hoc
889 3688 1047 3746 dicas
1070 3689 1415 3761 {Quidnam
1439 3703 1526 3748 est
1542 3735 1558 3761 ,
1589 3690 1637 3748 si
1663 3709 1826 3748 nenu
1848 3689 2166 3749 molestum
2185 3679 2306 3762 est}

381 3787 666 3861 Quamvis
696 3785 974 3845 desubito
1002 3785 1171 3844 trinis
1198 3785 1494 3848 deducere
1521 3787 1734 3845 scalis?

382 3883 549 3958 Quid
568 3895 635 3941 tu
659 3883 812 3942 istuc
836 3903 1033 3955 curas,
1058 3883 1165 3942 ubi
1193 3904 1303 3964 ego
1328 3885 1562 3944 oblinar
1583 3895 1762 3961 atque
1781 3883 2016 3946 volutet
2033 3865 2076 3941 p'

385 3985 568 4044 Serus
596 3981 736 4041 cum
758 4002 791 4040 e
821 3982 1020 4043 medio
1045 3981 1236 4042 lustro
1256 4026 1274 4055 ,
1299 4002 1369 4044 ac
1394 3983 1546 4042 bene
1568 3985 1736 4060 potu'
1757 3984 1984 4044 recesti.
