<?xml version="1.0" encoding="UTF-8"?>
<!DOCTYPE html PUBLIC "-//W3C//DTD XHTML 1.0 Transitional//EN"
    "http://www.w3.org/TR/xhtml1/DTD/xhtml1-transitional.dtd">
<html xmlns="http://www.w3.org/1999/xhtml" xml:lang="en" lang="en">
 <head>
  <title>
</title>
<meta http-equiv="Content-Type" content="text/html;charset=utf-8" />
  <meta name='ocr-system' content='tesseract 3.04.00' />
  <meta name='ocr-capabilities' content='ocr_page ocr_carea ocr_par ocr_line ocrx_word'/>
</head>
<body>
  <div class='ocr_page' id='page_1' title='image "aulipersiiflacc00achagoog_0064.png"; bbox 0 0 2775 4619; ppageno 0'>
   <div class='ocr_carea' id='block_1_1' title="bbox 574 381 663 426">
    <p class='ocr_par' dir='ltr' id='par_1_1' title="bbox 574 381 663 426">
     <span class='ocr_line' id='line_1_1' title="bbox 574 381 663 426; baseline -0.034 0"><span class='ocrx_word' id='word_1_1' title='bbox 574 381 663 426; x_wconf 70' lang='lat'><strong>20</strong></span> 
     </span>
    </p>
   </div>
   <div class='ocr_carea' id='block_1_2' title="bbox 656 354 2204 572">
    <p class='ocr_par' dir='ltr' id='par_1_2' title="bbox 656 354 2204 572">
     <span class='ocr_line' id='line_1_2' title="bbox 1088 354 2062 434; baseline 0 -10"><span class='ocrx_word' id='word_1_2' title='bbox 1088 360 1171 424; x_wconf 89' lang='lat' dir='ltr'><strong>A.</strong></span> <span class='ocrx_word' id='word_1_3' title='bbox 1232 357 1616 434; x_wconf 82' lang='lat' dir='ltr'><strong>PERSII</strong></span> <span class='ocrx_word' id='word_1_4' title='bbox 1677 354 2062 425; x_wconf 79' lang='lat' dir='ltr'>FLACCI</span> 
     </span>
     <span class='ocr_line' id='line_1_3' title="bbox 656 482 2204 572; baseline -0.001 -22"><span class='ocrx_word' id='word_1_5' title='bbox 656 484 958 572; x_wconf 86' lang='lat' dir='ltr'><strong>Eliquat,</strong></span> <span class='ocrx_word' id='word_1_6' title='bbox 984 503 1061 547; x_wconf 83' lang='lat' dir='ltr'><strong>ac</strong></span> <span class='ocrx_word' id='word_1_7' title='bbox 1094 498 1320 548; x_wconf 88' lang='lat' dir='ltr'><strong>tenero</strong></span> <span class='ocrx_word' id='word_1_8' title='bbox 1345 482 1716 571; x_wconf 84' lang='lat' dir='ltr'><strong>supplantat</strong></span> <span class='ocrx_word' id='word_1_9' title='bbox 1743 483 1942 547; x_wconf 81' lang='lat' dir='ltr'><strong>verba</strong></span> <span class='ocrx_word' id='word_1_10' title='bbox 1966 483 2204 572; x_wconf 87' lang='lat' dir='ltr'><strong>palato.</strong></span> 
     </span>
    </p>
   </div>
   <div class='ocr_carea' id='block_1_3' title="bbox 2515 483 2604 550">
    <p class='ocr_par' dir='ltr' id='par_1_3' title="bbox 2515 483 2604 550">
     <span class='ocr_line' id='line_1_4' title="bbox 2515 483 2604 550; baseline 0 0"><span class='ocrx_word' id='word_1_11' title='bbox 2515 483 2604 550; x_wconf 75' lang='lat'><strong>&#39;35</strong></span> 
     </span>
    </p>
   </div>
   <div class='ocr_carea' id='block_1_4' title="bbox 658 596 2214 687">
    <p class='ocr_par' dir='ltr' id='par_1_4' title="bbox 658 596 2214 687">
     <span class='ocr_line' id='line_1_5' title="bbox 658 596 2214 687; baseline -0.001 -24"><span class='ocrx_word' id='word_1_12' title='bbox 658 597 1005 664; x_wconf 69' lang='lat' dir='ltr'><strong>Assensere</strong></span> <span class='ocrx_word' id='word_1_13' title='bbox 1030 596 1175 662; x_wconf 83' lang='lat' dir='ltr'><strong>viri.</strong></span> <span class='ocrx_word' id='word_1_14' title='bbox 1210 629 1237 654; x_wconf 71' lang='grc' dir='ltr'><strong>α</strong></span> <span class='ocrx_word' id='word_1_15' title='bbox 1266 597 1462 660; x_wconf 88' lang='lat' dir='ltr'><strong>Nunc</strong></span> <span class='ocrx_word' id='word_1_16' title='bbox 1497 619 1632 662; x_wconf 88' lang='lat' dir='ltr'><strong>non</strong></span> <span class='ocrx_word' id='word_1_17' title='bbox 1665 597 1830 661; x_wconf 90' lang='lat' dir='ltr'><strong>cinis</strong></span> <span class='ocrx_word' id='word_1_18' title='bbox 1867 598 1977 662; x_wconf 89' lang='lat' dir='ltr'><strong>ille</strong></span> <span class='ocrx_word' id='word_1_19' title='bbox 2007 605 2214 687; x_wconf 73' lang='lat' dir='ltr'><strong>poetae</strong></span> 
     </span>
    </p>
   </div>
   <div class='ocr_carea' id='block_1_5' title="bbox 659 699 2533 1032">
    <p class='ocr_par' dir='ltr' id='par_1_5' title="bbox 659 699 2533 1032">
     <span class='ocr_line' id='line_1_6' title="bbox 664 699 2533 800; baseline 0.002 -30"><span class='ocrx_word' id='word_1_20' title='bbox 664 744 690 770; x_wconf 63' lang='grc' dir='ltr'><strong><em>κ</em></strong></span> <span class='ocrx_word' id='word_1_21' title='bbox 730 710 958 795; x_wconf 80' lang='lat' dir='ltr'><strong>Felix?</strong></span> <span class='ocrx_word' id='word_1_22' title='bbox 984 734 1121 777; x_wconf 90' lang='lat' dir='ltr'><strong>non</strong></span> <span class='ocrx_word' id='word_1_23' title='bbox 1148 711 1353 775; x_wconf 88' lang='lat' dir='ltr'><strong>levior</strong></span> <span class='ocrx_word' id='word_1_24' title='bbox 1380 712 1610 800; x_wconf 88' lang='lat' dir='ltr'>cippus</span> <span class='ocrx_word' id='word_1_25' title='bbox 1637 733 1814 774; x_wconf 87' lang='lat' dir='ltr'><strong>nunc</strong></span> <span class='ocrx_word' id='word_1_26' title='bbox 1838 710 2172 800; x_wconf 87' lang='lat' dir='ltr'><strong>imprimet</strong></span> <span class='ocrx_word' id='word_1_27' title='bbox 2198 734 2342 778; x_wconf 89' lang='lat' dir='ltr'><strong>ossa</strong></span> <span class='ocrx_word' id='word_1_28' title='bbox 2367 711 2398 777; x_wconf 68' lang='grc' dir='ltr'><strong>Ξ)</strong></span> <span class='ocrx_word' id='word_1_29' title='bbox 2426 745 2456 773; x_wconf 77' lang='lat'><strong>1·</strong></span> <span class='ocrx_word' id='word_1_30' title='bbox 2527 699 2533 702; x_wconf 47' lang='grc'><strong>’</strong></span> 
     </span>
     <span class='ocr_line' id='line_1_7' title="bbox 660 825 2358 912; baseline 0 -18"><span class='ocrx_word' id='word_1_31' title='bbox 660 827 961 894; x_wconf 84' lang='lat' dir='ltr'><strong>Laudant</strong></span> <span class='ocrx_word' id='word_1_32' title='bbox 988 827 1299 894; x_wconf 76' lang='lat' dir='ltr'><strong>convivae.</strong></span> <span class='ocrx_word' id='word_1_33' title='bbox 1334 857 1361 884; x_wconf 74' lang='grc' dir='ltr'><strong>οι</strong></span> <span class='ocrx_word' id='word_1_34' title='bbox 1389 826 1586 892; x_wconf 90' lang='lat' dir='ltr'><strong>Nunc</strong></span> <span class='ocrx_word' id='word_1_35' title='bbox 1619 847 1756 890; x_wconf 88' lang='lat' dir='ltr'><strong>non</strong></span> <span class='ocrx_word' id='word_1_36' title='bbox 1788 849 1827 890; x_wconf 91' lang='lat' dir='ltr'><strong>e</strong></span> <span class='ocrx_word' id='word_1_37' title='bbox 1856 825 2166 893; x_wconf 85' lang='lat' dir='ltr'><strong>Manibus</strong></span> <span class='ocrx_word' id='word_1_38' title='bbox 2195 828 2358 912; x_wconf 82' lang='lat' dir='ltr'><strong>illis,</strong></span> 
     </span>
     <span class='ocr_line' id='line_1_8' title="bbox 659 926 2204 1032; baseline 0.004 -30"><span class='ocrx_word' id='word_1_39' title='bbox 659 975 689 1002; x_wconf 79' lang='grc'><strong>«</strong></span> <span class='ocrx_word' id='word_1_40' title='bbox 728 926 921 1028; x_wconf 70' lang='lat' dir='ltr'><strong>Nunc</strong></span> <span class='ocrx_word' id='word_1_41' title='bbox 956 965 1090 1008; x_wconf 87' lang='lat' dir='ltr'><strong>non</strong></span> <span class='ocrx_word' id='word_1_42' title='bbox 1120 965 1157 1008; x_wconf 92' lang='lat' dir='ltr'><strong>e</strong></span> <span class='ocrx_word' id='word_1_43' title='bbox 1192 942 1450 1006; x_wconf 87' lang='lat' dir='ltr'><strong>tumulo</strong></span> <span class='ocrx_word' id='word_1_44' title='bbox 1470 991 1491 1025; x_wconf 88' lang='lat'><strong>,</strong></span> <span class='ocrx_word' id='word_1_45' title='bbox 1519 941 1910 1032; x_wconf 69' lang='lat' dir='ltr'><strong>fortunaque</strong></span> <span class='ocrx_word' id='word_1_46' title='bbox 1940 942 2157 1010; x_wconf 73' lang='lat' dir='ltr'><strong>favilla</strong></span> <span class='ocrx_word' id='word_1_47' title='bbox 2174 994 2204 1028; x_wconf 31' lang='lat'><strong>‚-</strong></span> 
     </span>
    </p>
   </div>
   <div class='ocr_carea' id='block_1_6' title="bbox 661 1054 1486 1124">
    <p class='ocr_par' dir='ltr' id='par_1_6' title="bbox 661 1054 1486 1124">
     <span class='ocr_line' id='line_1_9' title="bbox 661 1054 1486 1124; baseline -0.005 0"><span class='ocrx_word' id='word_1_48' title='bbox 661 1088 689 1116; x_wconf 75' lang='grc' dir='ltr'><strong>α</strong></span> <span class='ocrx_word' id='word_1_49' title='bbox 728 1057 1089 1124; x_wconf 61' lang='lat' dir='ltr'><strong>Nascantur</strong></span> <span class='ocrx_word' id='word_1_50' title='bbox 1112 1055 1300 1124; x_wconf 83' lang='lat' dir='ltr'><strong>violae</strong></span> <span class='ocrx_word' id='word_1_51' title='bbox 1318 1054 1372 1121; x_wconf 74' lang='lat' dir='ltr'><strong>P.</strong></span> <span class='ocrx_word' id='word_1_52' title='bbox 1386 1104 1404 1122; x_wconf 91' lang='lat'><strong>.</strong></span> <span class='ocrx_word' id='word_1_53' title='bbox 1419 1104 1434 1120; x_wconf 87' lang='lat'><strong>.</strong></span> <span class='ocrx_word' id='word_1_54' title='bbox 1459 1085 1486 1112; x_wconf 63' lang='grc' dir='ltr'><strong>ν</strong></span> 
     </span>
    </p>
   </div>
   <div class='ocr_carea' id='block_1_7' title="bbox 572 1250 1553 1403">
    <p class='ocr_par' dir='ltr' id='par_1_7' title="bbox 572 1250 1553 1403">
     <span class='ocr_line' id='line_1_10' title="bbox 572 1250 1553 1326; baseline -0.005 -20"><span class='ocrx_word' id='word_1_55' title='bbox 572 1254 620 1306; x_wconf 89' lang='lat' dir='ltr'><strong>si</strong></span> <span class='ocrx_word' id='word_1_56' title='bbox 633 1254 825 1326; x_wconf 87' lang='lat' dir='ltr'><strong>placet,</strong></span> <span class='ocrx_word' id='word_1_57' title='bbox 840 1250 1062 1305; x_wconf 85' lang='lat' dir='ltr'><strong>Heroid.</strong></span> <span class='ocrx_word' id='word_1_58' title='bbox 1080 1269 1107 1304; x_wconf 78' lang='lat'>2</span> <span class='ocrx_word' id='word_1_59' title='bbox 1124 1263 1179 1304; x_wconf 88' lang='lat' dir='ltr'><strong>et</strong></span> <span class='ocrx_word' id='word_1_60' title='bbox 1192 1253 1553 1318; x_wconf 81' lang='lat' dir='ltr'><strong>6.-Etplora-</strong></span> 
     </span>
     <span class='ocr_line' id='line_1_11' title="bbox 576 1331 1546 1403; baseline -0.002 -17"><span class='ocrx_word' id='word_1_61' title='bbox 576 1338 671 1386; x_wconf 78' lang='lat' dir='ltr'><strong>bile</strong></span> <span class='ocrx_word' id='word_1_62' title='bbox 691 1337 734 1385; x_wconf 79' lang='lat' dir='ltr'><strong>si</strong></span> <span class='ocrx_word' id='word_1_63' title='bbox 752 1337 891 1402; x_wconf 77' lang='lat' dir='ltr'><strong>quid.</strong></span> <span class='ocrx_word' id='word_1_64' title='bbox 921 1331 1201 1385; x_wconf 87' lang='lat' dir='ltr'><strong>Claudian.</strong></span> <span class='ocrx_word' id='word_1_65' title='bbox 1230 1333 1288 1383; x_wconf 86' lang='lat' dir='ltr'><strong>in</strong></span> <span class='ocrx_word' id='word_1_66' title='bbox 1311 1331 1546 1403; x_wconf 89' lang='lat' dir='ltr'><strong>Eutrop.</strong></span> 
     </span>
    </p>
   </div>
   <div class='ocr_carea' id='block_1_8' title="bbox 570 1420 1552 1556">
    <p class='ocr_par' dir='ltr' id='par_1_8' title="bbox 570 1420 1552 1556">
     <span class='ocr_line' id='line_1_12' title="bbox 572 1420 1552 1486; baseline -0.002 -18"><span class='ocrx_word' id='word_1_67' title='bbox 572 1424 901 1486; x_wconf 62' lang='lat' dir='ltr'><strong>...sex-bisque</strong></span> <span class='ocrx_word' id='word_1_68' title='bbox 919 1430 1054 1468; x_wconf 83' lang='lat' dir='ltr'><strong>sonat</strong></span> <span class='ocrx_word' id='word_1_69' title='bbox 1071 1420 1305 1482; x_wconf 80' lang='lat' dir='ltr'><strong>plot-abile</strong></span> <span class='ocrx_word' id='word_1_70' title='bbox 1324 1420 1552 1482; x_wconf 79' lang='lat' dir='ltr'><strong>quiddam</strong></span> 
     </span>
     <span class='ocr_line' id='line_1_13' title="bbox 570 1491 1457 1556; baseline -0.003 -15"><span class='ocrx_word' id='word_1_71' title='bbox 570 1496 709 1542; x_wconf 80' lang='lat' dir='ltr'><strong>Ultra</strong></span> <span class='ocrx_word' id='word_1_72' title='bbox 724 1494 983 1556; x_wconf 76' lang='lat' dir='ltr'><strong>nequitiam</strong></span> <span class='ocrx_word' id='word_1_73' title='bbox 1002 1493 1197 1539; x_wconf 81' lang='lat' dir='ltr'><strong>fractis..</strong></span> <span class='ocrx_word' id='word_1_74' title='bbox 1209 1491 1279 1538; x_wconf 67' lang='grc' dir='ltr'><strong>...ἑ</strong></span> <span class='ocrx_word' id='word_1_75' title='bbox 1403 1493 1457 1539; x_wconf 90' lang='lat' dir='ltr'><strong>C.</strong></span> 
     </span>
    </p>
   </div>
   <div class='ocr_carea' id='block_1_9' title="bbox 548 1572 1559 4048">
    <p class='ocr_par' dir='ltr' id='par_1_9' title="bbox 567 1572 1557 3320">
     <span class='ocr_line' id='line_1_14' title="bbox 644 1572 1548 1642; baseline 0.001 -19"><span class='ocrx_word' id='word_1_76' title='bbox 644 1572 731 1626; x_wconf 83' lang='lat'><strong>35.</strong></span> <span class='ocrx_word' id='word_1_77' title='bbox 760 1573 1003 1642; x_wconf 78' lang='lat' dir='ltr'><strong>Eliquat.]</strong></span> <span class='ocrx_word' id='word_1_78' title='bbox 1033 1572 1349 1642; x_wconf 86' lang='lat' dir='ltr'><strong>Metaphora</strong></span> <span class='ocrx_word' id='word_1_79' title='bbox 1376 1590 1407 1624; x_wconf 85' lang='lat' dir='ltr'><strong>a</strong></span> <span class='ocrx_word' id='word_1_80' title='bbox 1435 1589 1548 1624; x_wconf 89' lang='lat' dir='ltr'><strong>me-</strong></span> 
     </span>
     <span class='ocr_line' id='line_1_15' title="bbox 570 1652 1546 1724; baseline -0.003 -18"><span class='ocrx_word' id='word_1_81' title='bbox 570 1652 713 1706; x_wconf 84' lang='lat' dir='ltr'><strong>tallis</strong></span> <span class='ocrx_word' id='word_1_82' title='bbox 727 1653 919 1724; x_wconf 80' lang='lat' dir='ltr'><strong>petita,</strong></span> <span class='ocrx_word' id='word_1_83' title='bbox 930 1670 1049 1723; x_wconf 79' lang='lat' dir='ltr'><strong>quae</strong></span> <span class='ocrx_word' id='word_1_84' title='bbox 1064 1654 1255 1705; x_wconf 74' lang='lat' dir='ltr'><strong>natura</strong></span> <span class='ocrx_word' id='word_1_85' title='bbox 1270 1665 1546 1722; x_wconf 85' lang='lat' dir='ltr'><strong>compacta</strong></span> 
     </span>
     <span class='ocr_line' id='line_1_16' title="bbox 569 1730 1548 1802; baseline -0.003 -18"><span class='ocrx_word' id='word_1_86' title='bbox 569 1745 700 1785; x_wconf 81' lang='lat' dir='ltr'><strong>sunt</strong></span> <span class='ocrx_word' id='word_1_87' title='bbox 728 1743 783 1784; x_wconf 91' lang='lat' dir='ltr'><strong>et</strong></span> <span class='ocrx_word' id='word_1_88' title='bbox 809 1730 948 1784; x_wconf 85' lang='lat' dir='ltr'><strong>dura</strong></span> <span class='ocrx_word' id='word_1_89' title='bbox 964 1768 983 1794; x_wconf 81' lang='grc'>,</span> <span class='ocrx_word' id='word_1_90' title='bbox 1004 1733 1131 1782; x_wconf 76' lang='lat' dir='ltr'><strong>cum</strong></span> <span class='ocrx_word' id='word_1_91' title='bbox 1154 1731 1435 1802; x_wconf 79' lang='lat' dir='ltr'><strong>liquantur</strong></span> <span class='ocrx_word' id='word_1_92' title='bbox 1451 1748 1548 1781; x_wconf 87' lang='lat' dir='ltr'><strong>au·</strong></span> 
     </span>
     <span class='ocr_line' id='line_1_17' title="bbox 568 1811 1548 1881; baseline -0.006 -14"><span class='ocrx_word' id='word_1_93' title='bbox 568 1825 681 1867; x_wconf 83' lang='lat' dir='ltr'><strong>tem</strong></span> <span class='ocrx_word' id='word_1_94' title='bbox 692 1811 1011 1864; x_wconf 85' lang='lat' dir='ltr'><strong>mollescunt</strong></span> <span class='ocrx_word' id='word_1_95' title='bbox 1026 1822 1080 1863; x_wconf 89' lang='lat' dir='ltr'><strong>et</strong></span> <span class='ocrx_word' id='word_1_96' title='bbox 1094 1823 1548 1881; x_wconf 78' lang='lat' dir='ltr'><strong>corrumpuntur=</strong></span> 
     </span>
     <span class='ocr_line' id='line_1_18' title="bbox 569 1890 1552 1962; baseline -0.004 -18"><span class='ocrx_word' id='word_1_97' title='bbox 569 1892 649 1944; x_wconf 85' lang='lat' dir='ltr'><strong>sic</strong></span> <span class='ocrx_word' id='word_1_98' title='bbox 664 1891 755 1944; x_wconf 85' lang='lat' dir='ltr'><strong>isti</strong></span> <span class='ocrx_word' id='word_1_99' title='bbox 771 1909 959 1943; x_wconf 82' lang='lat' dir='ltr'><strong>vocem</strong></span> <span class='ocrx_word' id='word_1_100' title='bbox 969 1929 984 1953; x_wconf 92' lang='lat'><strong>,</strong></span> <span class='ocrx_word' id='word_1_101' title='bbox 1003 1909 1165 1962; x_wconf 86' lang='lat' dir='ltr'><strong>quam</strong></span> <span class='ocrx_word' id='word_1_102' title='bbox 1181 1909 1209 1942; x_wconf 89' lang='lat' dir='ltr'><strong>a</strong></span> <span class='ocrx_word' id='word_1_103' title='bbox 1224 1902 1416 1942; x_wconf 87' lang='lat' dir='ltr'><strong>natura</strong></span> <span class='ocrx_word' id='word_1_104' title='bbox 1428 1890 1552 1944; x_wconf 75' lang='lat' dir='ltr'><strong>viri-</strong></span> 
     </span>
     <span class='ocr_line' id='line_1_19' title="bbox 567 1968 1549 2042; baseline -0.001 -19"><span class='ocrx_word' id='word_1_105' title='bbox 567 1971 680 2023; x_wconf 85' lang='lat' dir='ltr'><strong>lem</strong></span> <span class='ocrx_word' id='word_1_106' title='bbox 718 1983 1037 2042; x_wconf 74' lang='lat' dir='ltr'><strong>acceperant</strong></span> <span class='ocrx_word' id='word_1_107' title='bbox 1052 2010 1067 2036; x_wconf 91' lang='lat'>‚</span> <span class='ocrx_word' id='word_1_108' title='bbox 1104 1969 1386 2024; x_wconf 76' lang='lat' dir='ltr'><strong>delicatam</strong></span> <span class='ocrx_word' id='word_1_109' title='bbox 1425 1968 1549 2023; x_wconf 87' lang='lat' dir='ltr'><strong>red·</strong></span> 
     </span>
     <span class='ocr_line' id='line_1_20' title="bbox 569 2050 1557 2118; baseline -0.003 -15"><span class='ocrx_word' id='word_1_110' title='bbox 569 2050 711 2103; x_wconf 87' lang='lat' dir='ltr'><strong>dunt</strong></span> <span class='ocrx_word' id='word_1_111' title='bbox 752 2063 808 2104; x_wconf 89' lang='lat' dir='ltr'><strong>et</strong></span> <span class='ocrx_word' id='word_1_112' title='bbox 854 2051 1155 2104; x_wconf 77' lang='lat' dir='ltr'><strong>femineam.</strong></span> <span class='ocrx_word' id='word_1_113' title='bbox 1172 2081 1243 2091; x_wconf 92' lang='lat'><strong>--</strong></span> <span class='ocrx_word' id='word_1_114' title='bbox 1262 2053 1557 2118; x_wconf 74' lang='lat' dir='ltr'><strong>Supplantac</strong></span> 
     </span>
     <span class='ocr_line' id='line_1_21' title="bbox 571 2130 1550 2198; baseline 0.001 -16"><span class='ocrx_word' id='word_1_115' title='bbox 571 2134 733 2182; x_wconf 77' lang='lat' dir='ltr'><strong>verba</strong></span> <span class='ocrx_word' id='word_1_116' title='bbox 763 2134 956 2198; x_wconf 80' lang='lat' dir='ltr'><strong>palato.</strong></span> <span class='ocrx_word' id='word_1_117' title='bbox 993 2133 1203 2184; x_wconf 83' lang='lat' dir='ltr'><strong>Vocem</strong></span> <span class='ocrx_word' id='word_1_118' title='bbox 1245 2130 1550 2184; x_wconf 82' lang='lat' dir='ltr'><strong>naturalem</strong></span> 
     </span>
     <span class='ocr_line' id='line_1_22' title="bbox 569 2209 1550 2281; baseline 0 -19"><span class='ocrx_word' id='word_1_119' title='bbox 569 2224 686 2263; x_wconf 89' lang='lat' dir='ltr'><strong>arte</strong></span> <span class='ocrx_word' id='word_1_120' title='bbox 713 2211 913 2281; x_wconf 83' lang='lat' dir='ltr'><strong>frangit</strong></span> <span class='ocrx_word' id='word_1_121' title='bbox 935 2229 997 2262; x_wconf 89' lang='lat' dir='ltr'><strong>ac</strong></span> <span class='ocrx_word' id='word_1_122' title='bbox 1018 2210 1339 2280; x_wconf 81' lang='lat' dir='ltr'><strong>corrumpit.</strong></span> <span class='ocrx_word' id='word_1_123' title='bbox 1361 2209 1550 2262; x_wconf 77' lang='lat' dir='ltr'><strong>Paloes-</strong></span> 
     </span>
     <span class='ocr_line' id='line_1_23' title="bbox 568 2290 1553 2358; baseline -0.004 -14"><span class='ocrx_word' id='word_1_124' title='bbox 568 2303 671 2345; x_wconf 78' lang='lat' dir='ltr'><strong>trae</strong></span> <span class='ocrx_word' id='word_1_125' title='bbox 687 2290 853 2343; x_wconf 80' lang='lat' dir='ltr'><strong>verba</strong></span> <span class='ocrx_word' id='word_1_126' title='bbox 866 2303 996 2343; x_wconf 88' lang='lat' dir='ltr'><strong>sunt</strong></span> <span class='ocrx_word' id='word_1_127' title='bbox 1008 2293 1341 2358; x_wconf 81' lang='lat' dir='ltr'><strong>supplantare,</strong></span> <span class='ocrx_word' id='word_1_128' title='bbox 1354 2293 1553 2341; x_wconf 66' lang='lat' dir='ltr'><strong>subner-</strong></span> 
     </span>
     <span class='ocr_line' id='line_1_24' title="bbox 568 2372 1550 2443; baseline 0 -20"><span class='ocrx_word' id='word_1_129' title='bbox 568 2391 686 2423; x_wconf 70' lang='lat' dir='ltr'><strong>vare</strong></span> <span class='ocrx_word' id='word_1_130' title='bbox 697 2408 714 2435; x_wconf 90' lang='lat'>‚</span> <span class='ocrx_word' id='word_1_131' title='bbox 736 2374 1067 2433; x_wconf 72' lang='grc' dir='ltr'><strong>ὑποσκελίζειν</strong></span> <span class='ocrx_word' id='word_1_132' title='bbox 1080 2372 1381 2442; x_wconf 72' lang='grc' dir='ltr'><strong>,·πτερνίζειν</strong></span> <span class='ocrx_word' id='word_1_133' title='bbox 1394 2410 1411 2437; x_wconf 81' lang='lat'>‚</span> <span class='ocrx_word' id='word_1_134' title='bbox 1428 2389 1550 2443; x_wconf 63' lang='lat' dir='ltr'><strong>qua</strong></span> 
     </span>
     <span class='ocr_line' id='line_1_25' title="bbox 572 2447 1550 2521; baseline -0.006 -14"><span class='ocrx_word' id='word_1_135' title='bbox 572 2461 801 2507; x_wconf 77' lang='lat' dir='ltr'><strong>venuste</strong></span> <span class='ocrx_word' id='word_1_136' title='bbox 840 2450 1103 2503; x_wconf 88' lang='lat' dir='ltr'><strong>dicuntur</strong></span> <span class='ocrx_word' id='word_1_137' title='bbox 1139 2447 1209 2501; x_wconf 86' lang='lat' dir='ltr'><strong>ad</strong></span> <span class='ocrx_word' id='word_1_138' title='bbox 1251 2468 1311 2502; x_wconf 91' lang='lat' dir='ltr'><strong>ea</strong></span> <span class='ocrx_word' id='word_1_139' title='bbox 1342 2448 1550 2521; x_wconf 82' lang='lat' dir='ltr'><strong>signifi·</strong></span> 
     </span>
     <span class='ocr_line' id='line_1_26' title="bbox 568 2529 1552 2602; baseline -0.003 -16"><span class='ocrx_word' id='word_1_140' title='bbox 568 2531 741 2586; x_wconf 88' lang='lat' dir='ltr'><strong>canda</strong></span> <span class='ocrx_word' id='word_1_141' title='bbox 779 2548 904 2602; x_wconf 70' lang='lat' dir='ltr'><strong>quo</strong></span> <span class='ocrx_word' id='word_1_142' title='bbox 934 2548 1049 2582; x_wconf 87' lang='lat' dir='ltr'><strong>non</strong></span> <span class='ocrx_word' id='word_1_143' title='bbox 1092 2548 1158 2582; x_wconf 85' lang='lat' dir='ltr'><strong>ex</strong></span> <span class='ocrx_word' id='word_1_144' title='bbox 1185 2547 1315 2583; x_wconf 83' lang='lat' dir='ltr'><strong>vera</strong></span> <span class='ocrx_word' id='word_1_145' title='bbox 1344 2529 1552 2583; x_wconf 77' lang='lat' dir='ltr'><strong>virtute</strong></span> 
     </span>
     <span class='ocr_line' id='line_1_27' title="bbox 571 2613 1550 2678; baseline -0.007 -11"><span class='ocrx_word' id='word_1_146' title='bbox 571 2614 718 2667; x_wconf 85' lang='lat' dir='ltr'><strong>fiunt</strong></span> <span class='ocrx_word' id='word_1_147' title='bbox 736 2632 752 2664; x_wconf 71' lang='grc' dir='ltr'><strong><em>τ</em></strong></span> <span class='ocrx_word' id='word_1_148' title='bbox 778 2613 855 2665; x_wconf 85' lang='lat' dir='ltr'><strong>sic</strong></span> <span class='ocrx_word' id='word_1_149' title='bbox 870 2650 887 2677; x_wconf 89' lang='lat'>‚</span> <span class='ocrx_word' id='word_1_150' title='bbox 912 2616 1075 2665; x_wconf 79' lang='lat' dir='ltr'><strong>verba</strong></span> <span class='ocrx_word' id='word_1_151' title='bbox 1104 2615 1428 2678; x_wconf 70' lang='lat' dir='ltr'><strong>supplantare</strong></span> <span class='ocrx_word' id='word_1_152' title='bbox 1450 2631 1550 2678; x_wconf 85' lang='lat' dir='ltr'><strong>pa-</strong></span> 
     </span>
     <span class='ocr_line' id='line_1_28' title="bbox 570 2692 1556 2763; baseline 0 -18"><span class='ocrx_word' id='word_1_153' title='bbox 570 2698 704 2754; x_wconf 82' lang='lat' dir='ltr'><strong>lato,</strong></span> <span class='ocrx_word' id='word_1_154' title='bbox 726 2706 807 2763; x_wconf 74' lang='lat' dir='ltr'><strong>est</strong></span> <span class='ocrx_word' id='word_1_155' title='bbox 827 2711 941 2745; x_wconf 88' lang='lat' dir='ltr'><strong>non</strong></span> <span class='ocrx_word' id='word_1_156' title='bbox 962 2694 1103 2744; x_wconf 87' lang='lat' dir='ltr'><strong>bene</strong></span> <span class='ocrx_word' id='word_1_157' title='bbox 1124 2710 1226 2743; x_wconf 87' lang='lat' dir='ltr'><strong>nec</strong></span> <span class='ocrx_word' id='word_1_158' title='bbox 1248 2692 1409 2763; x_wconf 86' lang='lat' dir='ltr'><strong>plane</strong></span> <span class='ocrx_word' id='word_1_159' title='bbox 1430 2710 1556 2763; x_wconf 86' lang='lat' dir='ltr'><strong>pro-</strong></span> 
     </span>
     <span class='ocr_line' id='line_1_29' title="bbox 574 2770 1554 2843; baseline -0.003 -17"><span class='ocrx_word' id='word_1_160' title='bbox 574 2773 829 2827; x_wconf 85' lang='lat' dir='ltr'><strong>nuntiare</strong></span> <span class='ocrx_word' id='word_1_161' title='bbox 841 2810 858 2837; x_wconf 90' lang='lat'>‚</span> <span class='ocrx_word' id='word_1_162' title='bbox 879 2770 974 2825; x_wconf 88' lang='lat' dir='ltr'><strong>sed</strong></span> <span class='ocrx_word' id='word_1_163' title='bbox 994 2772 1233 2824; x_wconf 89' lang='lat' dir='ltr'><strong>molliter</strong></span> <span class='ocrx_word' id='word_1_164' title='bbox 1251 2771 1433 2843; x_wconf 87' lang='lat' dir='ltr'><strong>palato</strong></span> <span class='ocrx_word' id='word_1_165' title='bbox 1448 2772 1554 2824; x_wconf 89' lang='lat' dir='ltr'><strong>illi-</strong></span> 
     </span>
     <span class='ocr_line' id='line_1_30' title="bbox 569 2851 1552 2925; baseline -0.002 -18"><span class='ocrx_word' id='word_1_166' title='bbox 569 2856 722 2907; x_wconf 84' lang='lat' dir='ltr'><strong>dere.</strong></span> <span class='ocrx_word' id='word_1_167' title='bbox 744 2851 1093 2906; x_wconf 88' lang='lat' dir='ltr'><strong>C.—Eodem</strong></span> <span class='ocrx_word' id='word_1_168' title='bbox 1111 2851 1225 2904; x_wconf 77' lang='lat' dir='ltr'><strong>fere</strong></span> <span class='ocrx_word' id='word_1_169' title='bbox 1246 2851 1414 2904; x_wconf 91' lang='lat' dir='ltr'><strong>modo</strong></span> <span class='ocrx_word' id='word_1_170' title='bbox 1427 2888 1443 2917; x_wconf 86' lang='lat'><strong>‚</strong></span> <span class='ocrx_word' id='word_1_171' title='bbox 1463 2872 1552 2925; x_wconf 90' lang='lat' dir='ltr'><strong>ap.</strong></span> 
     </span>
     <span class='ocr_line' id='line_1_31' title="bbox 572 2932 1554 3003; baseline -0.001 -18"><span class='ocrx_word' id='word_1_172' title='bbox 572 2952 675 2985; x_wconf 87' lang='lat' dir='ltr'><strong>nos</strong></span> <span class='ocrx_word' id='word_1_173' title='bbox 705 2932 985 2985; x_wconf 77' lang='lat' dir='ltr'><strong>delicatuli</strong></span> <span class='ocrx_word' id='word_1_174' title='bbox 1007 2952 1111 3003; x_wconf 88' lang='lat' dir='ltr'><strong>pro</strong></span> <span class='ocrx_word' id='word_1_175' title='bbox 1133 2932 1301 2988; x_wconf 83' lang='lat' dir='ltr'><strong>verbo</strong></span> <span class='ocrx_word' id='word_1_176' title='bbox 1316 2934 1554 3001; x_wconf 73' lang='lat' dir='ltr'><strong>pigeons‘,</strong></span> 
     </span>
     <span class='ocr_line' id='line_1_32' title="bbox 574 3012 1553 3083; baseline 0.003 -21"><span class='ocrx_word' id='word_1_177' title='bbox 574 3012 943 3082; x_wconf 85' lang='lat' dir='ltr'><strong>pronuntiant</strong></span> <span class='ocrx_word' id='word_1_178' title='bbox 972 3016 1147 3079; x_wconf 74' lang='lat' dir='ltr'><strong>pizons</strong></span> <span class='ocrx_word' id='word_1_179' title='bbox 1160 3034 1183 3073; x_wconf 91' lang='lat'><strong>,·</strong></span> <span class='ocrx_word' id='word_1_180' title='bbox 1219 3032 1323 3083; x_wconf 87' lang='lat' dir='ltr'><strong>pro</strong></span> <span class='ocrx_word' id='word_1_181' title='bbox 1358 3016 1553 3065; x_wconf 75' lang='lat' dir='ltr'><strong>chirar-</strong></span> 
     </span>
     <span class='ocr_line' id='line_1_33' title="bbox 570 3092 1554 3164; baseline 0.006 -23"><span class='ocrx_word' id='word_1_182' title='bbox 570 3094 689 3157; x_wconf 79' lang='lat' dir='ltr'><strong>gien</strong></span> <span class='ocrx_word' id='word_1_183' title='bbox 705 3127 722 3149; x_wconf 92' lang='lat'>‚</span> <span class='ocrx_word' id='word_1_184' title='bbox 742 3092 980 3150; x_wconf 65' lang='lat' dir='ltr'><strong>sit-uzka,</strong></span> <span class='ocrx_word' id='word_1_185' title='bbox 1001 3104 1166 3163; x_wconf 90' lang='lat' dir='ltr'><strong>atque</strong></span> <span class='ocrx_word' id='word_1_186' title='bbox 1192 3112 1331 3164; x_wconf 63' lang='lat' dir='ltr'><strong>saepe</strong></span> <span class='ocrx_word' id='word_1_187' title='bbox 1358 3113 1554 3147; x_wconf 83' lang='lat' dir='ltr'><strong>conso-</strong></span> 
     </span>
     <span class='ocr_line' id='line_1_34' title="bbox 574 3170 1552 3244; baseline 0.001 -21"><span class='ocrx_word' id='word_1_188' title='bbox 574 3189 703 3223; x_wconf 87' lang='lat' dir='ltr'><strong>nam</strong></span> <span class='ocrx_word' id='word_1_189' title='bbox 732 3189 761 3219; x_wconf 83' lang='lat' dir='ltr'><strong>r·</strong></span> <span class='ocrx_word' id='word_1_190' title='bbox 788 3170 847 3221; x_wconf 88' lang='lat' dir='ltr'><strong>in</strong></span> <span class='ocrx_word' id='word_1_191' title='bbox 876 3188 1126 3223; x_wconf 77' lang='lat' dir='ltr'><strong>sermone</strong></span> <span class='ocrx_word' id='word_1_192' title='bbox 1158 3174 1552 3244; x_wconf 78' lang='lat' dir='ltr'><strong>supplantant:</strong></span> 
     </span>
     <span class='ocr_line' id='line_1_35' title="bbox 574 3250 1557 3320; baseline 0.008 -23"><span class='ocrx_word' id='word_1_193' title='bbox 574 3250 677 3314; x_wconf 70' lang='lat' dir='ltr'><strong>sic,</strong></span> <span class='ocrx_word' id='word_1_194' title='bbox 694 3268 776 3299; x_wconf 84' lang='lat' dir='ltr'><strong>ma</strong></span> <span class='ocrx_word' id='word_1_195' title='bbox 784 3250 955 3315; x_wconf 78' lang='lat' dir='ltr'><strong>paule,</strong></span> <span class='ocrx_word' id='word_1_196' title='bbox 967 3267 1071 3320; x_wconf 87' lang='lat' dir='ltr'><strong>pro</strong></span> <span class='ocrx_word' id='word_1_197' title='bbox 1090 3270 1171 3301; x_wconf 86' lang='lat' dir='ltr'><strong>ma</strong></span> <span class='ocrx_word' id='word_1_198' title='bbox 1175 3255 1371 3317; x_wconf 83' lang='lat' dir='ltr'><strong>parole,</strong></span> <span class='ocrx_word' id='word_1_199' title='bbox 1382 3267 1476 3305; x_wconf 82' lang='lat' dir='ltr'><strong>etc.</strong></span> <span class='ocrx_word' id='word_1_200' title='bbox 1497 3253 1557 3304; x_wconf 79' lang='lat' dir='ltr'><strong>A.</strong></span> 
     </span>
    </p>

    <p class='ocr_par' dir='ltr' id='par_1_10' title="bbox 568 3328 1559 3968">
     <span class='ocr_line' id='line_1_36' title="bbox 650 3328 1559 3403; baseline 0.007 -23"><span class='ocrx_word' id='word_1_201' title='bbox 650 3328 740 3381; x_wconf 82' lang='lat'><strong>36.</strong></span> <span class='ocrx_word' id='word_1_202' title='bbox 795 3333 1053 3380; x_wconf 73' lang='lat' dir='ltr'><strong>Assensere</strong></span> <span class='ocrx_word' id='word_1_203' title='bbox 1094 3330 1251 3403; x_wconf 61' lang='lat' dir='ltr'><strong>vir-L]</strong></span> <span class='ocrx_word' id='word_1_204' title='bbox 1304 3332 1559 3386; x_wconf 75' lang='lat' dir='ltr'><strong>Laudant</strong></span> 
     </span>
     <span class='ocr_line' id='line_1_37' title="bbox 571 3420 1558 3481; baseline 0 -14"><span class='ocrx_word' id='word_1_205' title='bbox 571 3421 803 3467; x_wconf 77' lang='lat' dir='ltr'><strong>astantes</strong></span> <span class='ocrx_word' id='word_1_206' title='bbox 832 3420 1135 3481; x_wconf 88' lang='lat' dir='ltr'><strong>utrumque</strong></span> <span class='ocrx_word' id='word_1_207' title='bbox 1168 3424 1223 3465; x_wconf 87' lang='lat' dir='ltr'><strong>et</strong></span> <span class='ocrx_word' id='word_1_208' title='bbox 1256 3430 1472 3467; x_wconf 87' lang='lat' dir='ltr'><strong>carmen</strong></span> <span class='ocrx_word' id='word_1_209' title='bbox 1503 3428 1558 3468; x_wconf 90' lang='lat' dir='ltr'><strong>et</strong></span> 
     </span>
     <span class='ocr_line' id='line_1_38' title="bbox 572 3492 1553 3555; baseline 0.003 -10"><span class='ocrx_word' id='word_1_210' title='bbox 572 3492 1124 3545; x_wconf 74' lang='lat' dir='ltr'><strong>vocem.—Nunc....</strong></span> <span class='ocrx_word' id='word_1_211' title='bbox 1155 3512 1255 3544; x_wconf 79' lang='lat' dir='ltr'><strong>non</strong></span> <span class='ocrx_word' id='word_1_212' title='bbox 1280 3497 1433 3555; x_wconf 72' lang='grc' dir='ltr'><strong>οἰηίε,</strong></span> <span class='ocrx_word' id='word_1_213' title='bbox 1460 3512 1553 3549; x_wconf 81' lang='lat' dir='ltr'><strong>ecc.</strong></span> 
     </span>
     <span class='ocr_line' id='line_1_39' title="bbox 572 3572 1558 3639; baseline 0.006 -14"><span class='ocrx_word' id='word_1_214' title='bbox 572 3573 759 3625; x_wconf 87' lang='lat' dir='ltr'><strong>&#39;Verba</strong></span> <span class='ocrx_word' id='word_1_215' title='bbox 776 3572 1088 3625; x_wconf 85' lang='lat' dir='ltr'><strong>astantium.</strong></span> <span class='ocrx_word' id='word_1_216' title='bbox 1099 3573 1341 3639; x_wconf 89' lang='lat' dir='ltr'><strong>Quidam</strong></span> <span class='ocrx_word' id='word_1_217' title='bbox 1359 3576 1558 3631; x_wconf 78' lang='lat' dir='ltr'><strong>volunt</strong></span> 
     </span>
     <span class='ocr_line' id='line_1_40' title="bbox 572 3652 1558 3730; baseline 0.004 -23"><span class='ocrx_word' id='word_1_218' title='bbox 572 3654 689 3707; x_wconf 78' lang='lat' dir='ltr'><strong>haec</strong></span> <span class='ocrx_word' id='word_1_219' title='bbox 715 3652 883 3707; x_wconf 83' lang='lat' dir='ltr'><strong>verba</strong></span> <span class='ocrx_word' id='word_1_220' title='bbox 922 3672 1033 3706; x_wconf 86' lang='lat' dir='ltr'><strong>esse</strong></span> <span class='ocrx_word' id='word_1_221' title='bbox 1073 3660 1271 3726; x_wconf 69' lang='lat' dir='ltr'><strong>poetae.</strong></span> <span class='ocrx_word' id='word_1_222' title='bbox 1298 3656 1369 3710; x_wconf 81' lang='lat' dir='ltr'><strong>At</strong></span> <span class='ocrx_word' id='word_1_223' title='bbox 1404 3658 1558 3730; x_wconf 88' lang='lat' dir='ltr'><strong>prior</strong></span> 
     </span>
     <span class='ocr_line' id='line_1_41' title="bbox 568 3733 1558 3809; baseline 0.007 -25"><span class='ocrx_word' id='word_1_224' title='bbox 568 3733 839 3786; x_wconf 83' lang='lat' dir='ltr'><strong>sententia</strong></span> <span class='ocrx_word' id='word_1_225' title='bbox 861 3734 1027 3806; x_wconf 81' lang='lat' dir='ltr'><strong>magis</strong></span> <span class='ocrx_word' id='word_1_226' title='bbox 1047 3734 1251 3789; x_wconf 84' lang='lat' dir='ltr'><strong>arridet</strong></span> <span class='ocrx_word' id='word_1_227' title='bbox 1267 3774 1283 3801; x_wconf 92' lang='lat'>‚</span> <span class='ocrx_word' id='word_1_228' title='bbox 1308 3739 1462 3809; x_wconf 89' lang='lat' dir='ltr'><strong>quasi</strong></span> <span class='ocrx_word' id='word_1_229' title='bbox 1488 3738 1558 3791; x_wconf 87' lang='lat' dir='ltr'><strong>ad</strong></span> 
     </span>
     <span class='ocr_line' id='line_1_42' title="bbox 570 3810 1555 3887; baseline 0.007 -23"><span class='ocrx_word' id='word_1_230' title='bbox 570 3810 938 3867; x_wconf 85' lang='lat' dir='ltr'><strong>denotandam</strong></span> <span class='ocrx_word' id='word_1_231' title='bbox 987 3815 1240 3887; x_wconf 87' lang='lat' dir='ltr'><strong>putidam</strong></span> <span class='ocrx_word' id='word_1_232' title='bbox 1286 3818 1450 3869; x_wconf 79' lang='lat' dir='ltr'><strong>&#39;istam</strong></span> <span class='ocrx_word' id='word_1_233' title='bbox 1497 3819 1555 3871; x_wconf 89' lang='lat' dir='ltr'><strong>in</strong></span> 
     </span>
     <span class='ocr_line' id='line_1_43' title="bbox 571 3893 1557 3968; baseline 0.008 -25"><span class='ocrx_word' id='word_1_234' title='bbox 571 3893 870 3962; x_wconf 73' lang='lat' dir='ltr'><strong>probandis</strong></span> <span class='ocrx_word' id='word_1_235' title='bbox 882 3897 1127 3966; x_wconf 78' lang='lat' dir='ltr'><strong>pessimis</strong></span> <span class='ocrx_word' id='word_1_236' title='bbox 1138 3897 1317 3968; x_wconf 70' lang='lat' dir='ltr'><strong>poetis</strong></span> <span class='ocrx_word' id='word_1_237' title='bbox 1325 3896 1557 3951; x_wconf 84' lang='lat' dir='ltr'><strong>laudum</strong></span> 
     </span>
    </p>

    <p class='ocr_par' dir='ltr' id='par_1_11' title="bbox 548 3972 1517 4048">
     <span class='ocr_line' id='line_1_44' title="bbox 548 3972 1517 4048; baseline 0.007 -24"><span class='ocrx_word' id='word_1_238' title='bbox 548 3972 899 4045; x_wconf 74' lang='lat' dir='ltr'><strong>‘farraginem</strong></span> <span class='ocrx_word' id='word_1_239' title='bbox 922 3976 1101 4034; x_wconf 80' lang='lat' dir='ltr'><strong>acrior</strong></span> <span class='ocrx_word' id='word_1_240' title='bbox 1126 3990 1181 4034; x_wconf 89' lang='lat' dir='ltr'><strong>et</strong></span> <span class='ocrx_word' id='word_1_241' title='bbox 1208 3977 1406 4048; x_wconf 86' lang='lat' dir='ltr'><strong>aptior.</strong></span> <span class='ocrx_word' id='word_1_242' title='bbox 1448 3980 1517 4031; x_wconf 81' lang='lat' dir='ltr'><strong>A.</strong></span> 
     </span>
    </p>
   </div>
   <div class='ocr_carea' id='block_1_10' title="bbox 1629 1251 2615 1491">
    <p class='ocr_par' dir='ltr' id='par_1_12' title="bbox 1629 1251 2615 1491">
     <span class='ocr_line' id='line_1_45' title="bbox 1705 1251 2595 1328; baseline 0.006 -23"><span class='ocrx_word' id='word_1_243' title='bbox 1705 1251 1793 1324; x_wconf 84' lang='grc'><strong>37.</strong></span> <span class='ocrx_word' id='word_1_244' title='bbox 1843 1254 1957 1304; x_wconf 77' lang='lat' dir='ltr'><strong>Non</strong></span> <span class='ocrx_word' id='word_1_245' title='bbox 2003 1256 2152 1306; x_wconf 70' lang='lat' dir='ltr'><strong>levior·</strong></span> <span class='ocrx_word' id='word_1_246' title='bbox 2189 1259 2358 1324; x_wconf 79' lang='lat' dir='ltr'><strong>cippus</strong></span> <span class='ocrx_word' id='word_1_247' title='bbox 2386 1293 2406 1317; x_wconf 90' lang='lat'><em>‚</em></span> <span class='ocrx_word' id='word_1_248' title='bbox 2450 1269 2549 1311; x_wconf 76' lang='lat' dir='ltr'><strong>ete.</strong></span> <span class='ocrx_word' id='word_1_249' title='bbox 2573 1257 2595 1328; x_wconf 76' lang='lat'>1</span> 
     </span>
     <span class='ocr_line' id='line_1_46' title="bbox 1629 1331 2266 1407; baseline 0.006 -23"><span class='ocrx_word' id='word_1_250' title='bbox 1629 1331 1822 1405; x_wconf 79' lang='lat' dir='ltr'><strong>virgil.</strong></span> <span class='ocrx_word' id='word_1_251' title='bbox 1847 1334 2016 1407; x_wconf 80' lang='lat' dir='ltr'><strong>eclog.</strong></span> <span class='ocrx_word' id='word_1_252' title='bbox 2043 1335 2097 1388; x_wconf 85' lang='lat' dir='ltr'>X</span> <span class='ocrx_word' id='word_1_253' title='bbox 2115 1373 2133 1400; x_wconf 94' lang='lat'>,</span> <span class='ocrx_word' id='word_1_254' title='bbox 2162 1335 2230 1388; x_wconf 82' lang='lat'><strong>33</strong></span> <span class='ocrx_word' id='word_1_255' title='bbox 2251 1355 2266 1387; x_wconf 72' lang='grc' dir='ltr'><strong><em>ε</em></strong></span> 
     </span>
     <span class='ocr_line' id='line_1_47' title="bbox 1633 1427 2615 1491; baseline 0.004 -19"><span class='ocrx_word' id='word_1_256' title='bbox 1633 1459 1776 1473; x_wconf 90' lang='lat'><strong>.....</strong></span> <span class='ocrx_word' id='word_1_257' title='bbox 1799 1429 1840 1474; x_wconf 90' lang='grc' dir='ltr'>Ο</span> <span class='ocrx_word' id='word_1_258' title='bbox 1857 1427 2093 1476; x_wconf 72' lang='lat' dir='ltr'><strong>mihinam</strong></span> <span class='ocrx_word' id='word_1_259' title='bbox 2113 1429 2256 1491; x_wconf 63' lang='lat' dir='ltr'><strong>quim</strong></span> <span class='ocrx_word' id='word_1_260' title='bbox 2277 1429 2490 1476; x_wconf 83' lang='lat' dir='ltr'><strong>molliter</strong></span> <span class='ocrx_word' id='word_1_261' title='bbox 2508 1444 2615 1476; x_wconf 80' lang='lat' dir='ltr'><strong>ossa</strong></span> 
     </span>
    </p>
   </div>
   <div class='ocr_carea' id='block_1_11' title="bbox 1625 1501 2618 1620">
    <p class='ocr_par' dir='ltr' id='par_1_13' title="bbox 1625 1501 2618 1620">
     <span class='ocr_line' id='line_1_48' title="bbox 1753 1501 2019 1562; baseline 0.004 -16"><span class='ocrx_word' id='word_1_262' title='bbox 1753 1501 2019 1562; x_wconf 80' lang='lat' dir='ltr'><strong>quiescant,</strong></span> 
     </span>
     <span class='ocr_line' id='line_1_49' title="bbox 1625 1570 2618 1620; baseline 0 -2"><span class='ocrx_word' id='word_1_263' title='bbox 1625 1571 1798 1618; x_wconf 78' lang='lat' dir='ltr'><strong>Vestra</strong></span> <span class='ocrx_word' id='word_1_264' title='bbox 1813 1586 1944 1618; x_wconf 86' lang='lat' dir='ltr'><strong>meos</strong></span> <span class='ocrx_word' id='word_1_265' title='bbox 1965 1571 2082 1618; x_wconf 82' lang='lat' dir='ltr'><strong>olim</strong></span> <span class='ocrx_word' id='word_1_266' title='bbox 2099 1571 2138 1617; x_wconf 82' lang='lat' dir='ltr'><strong>si</strong></span> <span class='ocrx_word' id='word_1_267' title='bbox 2161 1570 2316 1618; x_wconf 77' lang='lat' dir='ltr'><strong>fistula</strong></span> <span class='ocrx_word' id='word_1_268' title='bbox 2339 1571 2465 1620; x_wconf 79' lang='lat' dir='ltr'><strong>dicat</strong></span> <span class='ocrx_word' id='word_1_269' title='bbox 2481 1587 2618 1619; x_wconf 76' lang='lat' dir='ltr'><strong>amo-</strong></span> 
     </span>
    </p>
   </div>
   <div class='ocr_carea' id='block_1_12' title="bbox 1629 1641 2580 1801">
    <p class='ocr_par' dir='ltr' id='par_1_14' title="bbox 1629 1641 2580 1801">
     <span class='ocr_line' id='line_1_50' title="bbox 1748 1641 1850 1687; baseline -0.01 -1"><span class='ocrx_word' id='word_1_270' title='bbox 1748 1641 1850 1687; x_wconf 59' lang='grc' dir='ltr'><strong>ποσί</strong></span> 
     </span>
     <span class='ocr_line' id='line_1_51' title="bbox 1629 1723 2580 1801; baseline 0.001 -20"><span class='ocrx_word' id='word_1_271' title='bbox 1629 1728 1718 1781; x_wconf 87' lang='lat' dir='ltr'><strong>Sic</strong></span> <span class='ocrx_word' id='word_1_272' title='bbox 1741 1729 2020 1782; x_wconf 81' lang='lat' dir='ltr'><strong>Juvenalis</strong></span> <span class='ocrx_word' id='word_1_273' title='bbox 2036 1767 2054 1794; x_wconf 86' lang='lat'>‚</span> <span class='ocrx_word' id='word_1_274' title='bbox 2079 1742 2159 1784; x_wconf 83' lang='lat' dir='ltr'><strong>sat</strong></span> <span class='ocrx_word' id='word_1_275' title='bbox 2179 1731 2292 1782; x_wconf 86' lang='lat' dir='ltr'><strong>VII</strong></span> <span class='ocrx_word' id='word_1_276' title='bbox 2309 1767 2325 1795; x_wconf 88' lang='lat'>‚</span> <span class='ocrx_word' id='word_1_277' title='bbox 2348 1750 2404 1783; x_wconf 78' lang='lat' dir='ltr'><strong>v.</strong></span> <span class='ocrx_word' id='word_1_278' title='bbox 2430 1747 2539 1801; x_wconf 84' lang='lat'><strong>²⁰7</strong></span> <span class='ocrx_word' id='word_1_279' title='bbox 2567 1723 2580 1782; x_wconf 75' lang='lat'><strong>‘:</strong></span> 
     </span>
    </p>
   </div>
   <div class='ocr_carea' id='block_1_13' title="bbox 1627 1821 2638 3965">
    <p class='ocr_par' dir='ltr' id='par_1_15' title="bbox 1627 1821 2619 2105">
     <span class='ocr_line' id='line_1_52' title="bbox 1629 1821 2618 1889; baseline 0 -15"><span class='ocrx_word' id='word_1_280' title='bbox 1629 1828 1693 1874; x_wconf 82' lang='lat' dir='ltr'><strong>m</strong></span> <span class='ocrx_word' id='word_1_281' title='bbox 1718 1829 1950 1889; x_wconf 76' lang='lat' dir='ltr'><strong>maiorum</strong></span> <span class='ocrx_word' id='word_1_282' title='bbox 1984 1829 2164 1874; x_wconf 84' lang='lat' dir='ltr'><strong>umbris</strong></span> <span class='ocrx_word' id='word_1_283' title='bbox 2193 1821 2411 1885; x_wconf 68' lang='lat' dir='ltr'><strong>tenuem,</strong></span> <span class='ocrx_word' id='word_1_284' title='bbox 2432 1837 2482 1875; x_wconf 89' lang='lat' dir='ltr'><strong>et</strong></span> <span class='ocrx_word' id='word_1_285' title='bbox 2512 1828 2618 1874; x_wconf 81' lang='lat' dir='ltr'><strong>siue</strong></span> 
     </span>
     <span class='ocr_line' id='line_1_53' title="bbox 1752 1899 2189 1960; baseline 0.002 -16"><span class='ocrx_word' id='word_1_286' title='bbox 1752 1899 1966 1960; x_wconf 84' lang='lat' dir='ltr'><strong>pondere</strong></span> <span class='ocrx_word' id='word_1_287' title='bbox 1989 1909 2189 1955; x_wconf 86' lang='lat' dir='ltr'><strong>terram,</strong></span> 
     </span>
     <span class='ocr_line' id='line_1_54' title="bbox 1627 1970 2619 2034; baseline -0.002 -16"><span class='ocrx_word' id='word_1_288' title='bbox 1627 1972 1962 2034; x_wconf 79' lang='lat' dir='ltr'><strong>Spirantesque</strong></span> <span class='ocrx_word' id='word_1_289' title='bbox 1982 1987 2146 2018; x_wconf 89' lang='lat' dir='ltr'><strong>crocos</strong></span> <span class='ocrx_word' id='word_1_290' title='bbox 2161 2005 2176 2027; x_wconf 86' lang='lat'><strong>‚</strong></span> <span class='ocrx_word' id='word_1_291' title='bbox 2201 1979 2250 2017; x_wconf 81' lang='lat' dir='ltr'><strong>et</strong></span> <span class='ocrx_word' id='word_1_292' title='bbox 2274 1970 2325 2016; x_wconf 88' lang='lat' dir='ltr'><strong>in</strong></span> <span class='ocrx_word' id='word_1_293' title='bbox 2355 1985 2478 2016; x_wconf 84' lang='lat' dir='ltr'><strong>urna</strong></span> <span class='ocrx_word' id='word_1_294' title='bbox 2505 1985 2619 2032; x_wconf 82' lang='lat' dir='ltr'><strong>per-</strong></span> 
     </span>
     <span class='ocr_line' id='line_1_55' title="bbox 1751 2052 2188 2105; baseline -0.002 -16"><span class='ocrx_word' id='word_1_295' title='bbox 1751 2054 1946 2105; x_wconf 87' lang='lat' dir='ltr'><strong>petuum</strong></span> <span class='ocrx_word' id='word_1_296' title='bbox 1968 2059 2075 2099; x_wconf 82' lang='lat' dir='ltr'><strong>ver,</strong></span> <span class='ocrx_word' id='word_1_297' title='bbox 2095 2052 2188 2089; x_wconf 87' lang='lat' dir='ltr'><strong>etc.</strong></span> 
     </span>
    </p>

    <p class='ocr_par' dir='ltr' id='par_1_16' title="bbox 1628 2128 2624 2842">
     <span class='ocr_line' id='line_1_56' title="bbox 1629 2128 2620 2184; baseline -0.001 -2"><span class='ocrx_word' id='word_1_298' title='bbox 1629 2130 1876 2184; x_wconf 80' lang='lat' dir='ltr'><strong>Ridenda</strong></span> <span class='ocrx_word' id='word_1_299' title='bbox 1901 2143 2084 2184; x_wconf 83' lang='lat' dir='ltr'><strong>autem</strong></span> <span class='ocrx_word' id='word_1_300' title='bbox 2111 2143 2191 2184; x_wconf 86' lang='lat' dir='ltr'><strong>est</strong></span> <span class='ocrx_word' id='word_1_301' title='bbox 2208 2140 2463 2183; x_wconf 77' lang='lat' dir='ltr'><strong>veterum</strong></span> <span class='ocrx_word' id='word_1_302' title='bbox 2483 2128 2620 2182; x_wconf 86' lang='lat' dir='ltr'><strong>sim·</strong></span> 
     </span>
     <span class='ocr_line' id='line_1_57' title="bbox 1628 2209 2621 2283; baseline 0 -22"><span class='ocrx_word' id='word_1_303' title='bbox 1628 2210 1856 2283; x_wconf 86' lang='lat' dir='ltr'><strong>plicitas,</strong></span> <span class='ocrx_word' id='word_1_304' title='bbox 1873 2211 1971 2281; x_wconf 86' lang='lat' dir='ltr'><strong>qui</strong></span> <span class='ocrx_word' id='word_1_305' title='bbox 1987 2209 2287 2262; x_wconf 86' lang='lat' dir='ltr'><strong>amicorum</strong></span> <span class='ocrx_word' id='word_1_306' title='bbox 2306 2209 2621 2280; x_wconf 85' lang='lat' dir='ltr'><strong>sepulchris</strong></span> 
     </span>
     <span class='ocr_line' id='line_1_58' title="bbox 1631 2290 2622 2362; baseline 0.002 -21"><span class='ocrx_word' id='word_1_307' title='bbox 1631 2290 1824 2361; x_wconf 88' lang='lat' dir='ltr'><strong>cippos</strong></span> <span class='ocrx_word' id='word_1_308' title='bbox 1858 2303 1914 2343; x_wconf 89' lang='lat' dir='ltr'><strong>et</strong></span> <span class='ocrx_word' id='word_1_309' title='bbox 1951 2290 2232 2343; x_wconf 84' lang='lat' dir='ltr'><strong>columnas</strong></span> <span class='ocrx_word' id='word_1_310' title='bbox 2265 2292 2396 2342; x_wconf 78' lang='lat' dir='ltr'><strong>cum</strong></span> <span class='ocrx_word' id='word_1_311' title='bbox 2433 2290 2622 2362; x_wconf 85' lang='lat' dir='ltr'><strong>impo-</strong></span> 
     </span>
     <span class='ocr_line' id='line_1_59' title="bbox 1628 2369 2622 2440; baseline 0 -19"><span class='ocrx_word' id='word_1_312' title='bbox 1628 2382 1848 2434; x_wconf 86' lang='lat' dir='ltr'><strong>nerent,</strong></span> <span class='ocrx_word' id='word_1_313' title='bbox 1863 2369 2126 2440; x_wconf 88' lang='lat' dir='ltr'><strong>optabant</strong></span> <span class='ocrx_word' id='word_1_314' title='bbox 2141 2381 2319 2423; x_wconf 87' lang='lat' dir='ltr'><strong>tamen</strong></span> <span class='ocrx_word' id='word_1_315' title='bbox 2335 2369 2403 2421; x_wconf 88' lang='lat' dir='ltr'><strong>iis</strong></span> <span class='ocrx_word' id='word_1_316' title='bbox 2417 2380 2622 2421; x_wconf 84' lang='lat' dir='ltr'><strong>terram</strong></span> 
     </span>
     <span class='ocr_line' id='line_1_60' title="bbox 1629 2446 2623 2522; baseline -0.001 -20"><span class='ocrx_word' id='word_1_317' title='bbox 1629 2449 1808 2502; x_wconf 76' lang='lat' dir='ltr'><strong>levem</strong></span> <span class='ocrx_word' id='word_1_318' title='bbox 1830 2488 1848 2515; x_wconf 88' lang='lat'>‚</span> <span class='ocrx_word' id='word_1_319' title='bbox 1879 2450 2088 2522; x_wconf 89' lang='lat' dir='ltr'><strong>quique</strong></span> <span class='ocrx_word' id='word_1_320' title='bbox 2118 2448 2384 2514; x_wconf 85' lang='lat' dir='ltr'><strong>inimicis,</strong></span> <span class='ocrx_word' id='word_1_321' title='bbox 2407 2446 2623 2521; x_wconf 77' lang='lat' dir='ltr'><strong>quibus</strong></span> 
     </span>
     <span class='ocr_line' id='line_1_61' title="bbox 1630 2528 2621 2603; baseline 0.001 -21"><span class='ocrx_word' id='word_1_322' title='bbox 1630 2528 1848 2583; x_wconf 87' lang='lat' dir='ltr'><strong>nullum</strong></span> <span class='ocrx_word' id='word_1_323' title='bbox 1865 2528 2236 2583; x_wconf 85' lang='lat' dir='ltr'><strong>concedebant</strong></span> <span class='ocrx_word' id='word_1_324' title='bbox 2253 2546 2444 2581; x_wconf 85' lang='lat' dir='ltr'><strong>saxum</strong></span> <span class='ocrx_word' id='word_1_325' title='bbox 2457 2567 2474 2594; x_wconf 89' lang='lat'>,</span> <span class='ocrx_word' id='word_1_326' title='bbox 2497 2550 2621 2603; x_wconf 86' lang='lat' dir='ltr'><strong>gra-</strong></span> 
     </span>
     <span class='ocr_line' id='line_1_62' title="bbox 1629 2610 2624 2681; baseline -0.002 -17"><span class='ocrx_word' id='word_1_327' title='bbox 1629 2628 1751 2665; x_wconf 80' lang='lat' dir='ltr'><strong>vem</strong></span> <span class='ocrx_word' id='word_1_328' title='bbox 1786 2623 2014 2672; x_wconf 83' lang='lat' dir='ltr'><strong>terram,</strong></span> <span class='ocrx_word' id='word_1_329' title='bbox 2038 2621 2202 2681; x_wconf 85' lang='lat' dir='ltr'><strong>atque</strong></span> <span class='ocrx_word' id='word_1_330' title='bbox 2220 2647 2237 2673; x_wconf 83' lang='lat'>‚</span> <span class='ocrx_word' id='word_1_331' title='bbox 2269 2621 2334 2661; x_wconf 89' lang='lat' dir='ltr'><strong>ut</strong></span> <span class='ocrx_word' id='word_1_332' title='bbox 2365 2610 2624 2680; x_wconf 82' lang='lat' dir='ltr'><strong>pondere</strong></span> 
     </span>
     <span class='ocr_line' id='line_1_63' title="bbox 1635 2690 2620 2762; baseline 0 -20"><span class='ocrx_word' id='word_1_333' title='bbox 1635 2703 1989 2762; x_wconf 79' lang='lat' dir='ltr'><strong>urgerentur,</strong></span> <span class='ocrx_word' id='word_1_334' title='bbox 2004 2691 2124 2743; x_wconf 77' lang='lat' dir='ltr'><strong>vice</strong></span> <span class='ocrx_word' id='word_1_335' title='bbox 2135 2692 2305 2754; x_wconf 58' lang='lat' dir='ltr'><strong>versi,</strong></span> <span class='ocrx_word' id='word_1_336' title='bbox 2326 2690 2620 2761; x_wconf 86' lang='lat' dir='ltr'><strong>optabant.</strong></span> 
     </span>
     <span class='ocr_line' id='line_1_64' title="bbox 1633 2770 2620 2842; baseline 0.001 -19"><span class='ocrx_word' id='word_1_337' title='bbox 1633 2802 1704 2812; x_wconf 89' lang='lat'>—</span> <span class='ocrx_word' id='word_1_338' title='bbox 1721 2775 1912 2840; x_wconf 83' lang='lat' dir='ltr'><strong>Cippus.</strong></span> <span class='ocrx_word' id='word_1_339' title='bbox 1936 2772 2031 2824; x_wconf 90' lang='lat' dir='ltr'><strong>Est</strong></span> <span class='ocrx_word' id='word_1_340' title='bbox 2051 2771 2326 2842; x_wconf 87' lang='lat' dir='ltr'><strong>sepulchri</strong></span> <span class='ocrx_word' id='word_1_341' title='bbox 2352 2770 2513 2842; x_wconf 88' lang='lat' dir='ltr'><strong>lapis.</strong></span> <span class='ocrx_word' id='word_1_342' title='bbox 2550 2775 2620 2824; x_wconf 79' lang='lat' dir='ltr'><strong>A.</strong></span> 
     </span>
    </p>

    <p class='ocr_par' dir='ltr' id='par_1_17' title="bbox 1631 2852 2630 3247">
     <span class='ocr_line' id='line_1_65' title="bbox 1708 2852 2624 2921; baseline -0.002 -14"><span class='ocrx_word' id='word_1_343' title='bbox 1708 2854 1798 2907; x_wconf 88' lang='grc'><strong>38.</strong></span> <span class='ocrx_word' id='word_1_344' title='bbox 1825 2857 2055 2905; x_wconf 80' lang='lat' dir='ltr'><strong>Laudant</strong></span> <span class='ocrx_word' id='word_1_345' title='bbox 2067 2856 2312 2921; x_wconf 56' lang='lat' dir='ltr'><strong>convivam]</strong></span> <span class='ocrx_word' id='word_1_346' title='bbox 2331 2852 2523 2906; x_wconf 86' lang='lat' dir='ltr'><strong>Primo</strong></span> <span class='ocrx_word' id='word_1_347' title='bbox 2542 2873 2624 2905; x_wconf 84' lang='lat' dir='ltr'><strong>as-</strong></span> 
     </span>
     <span class='ocr_line' id='line_1_66' title="bbox 1636 2932 2629 3007; baseline -0.003 -19"><span class='ocrx_word' id='word_1_348' title='bbox 1636 2935 1953 2988; x_wconf 86' lang='lat' dir='ltr'><strong>sentiuntur</strong></span> <span class='ocrx_word' id='word_1_349' title='bbox 1993 2932 2240 2986; x_wconf 84' lang='lat' dir='ltr'><strong>laudanti</strong></span> <span class='ocrx_word' id='word_1_350' title='bbox 2269 2950 2288 2998; x_wconf 71' lang='lat'>3</span> <span class='ocrx_word' id='word_1_351' title='bbox 2331 2952 2463 2987; x_wconf 85' lang='lat' dir='ltr'><strong>mox</strong></span> <span class='ocrx_word' id='word_1_352' title='bbox 2516 2934 2629 3007; x_wconf 88' lang='lat' dir='ltr'><strong>ipsi</strong></span> 
     </span>
     <span class='ocr_line' id='line_1_67' title="bbox 1631 3013 2625 3067; baseline -0.002 0"><span class='ocrx_word' id='word_1_353' title='bbox 1631 3013 1878 3067; x_wconf 85' lang='lat' dir='ltr'><strong>laudant.</strong></span> <span class='ocrx_word' id='word_1_354' title='bbox 1895 3044 1967 3054; x_wconf 92' lang='lat'><em>-</em></span> <span class='ocrx_word' id='word_1_355' title='bbox 1981 3018 2123 3065; x_wconf 81' lang='lat' dir='ltr'><strong>Nunc</strong></span> <span class='ocrx_word' id='word_1_356' title='bbox 2159 3030 2260 3064; x_wconf 80' lang='lat' dir='ltr'><strong>non</strong></span> <span class='ocrx_word' id='word_1_357' title='bbox 2301 3033 2330 3063; x_wconf 81' lang='lat' dir='ltr'><strong>e</strong></span> <span class='ocrx_word' id='word_1_358' title='bbox 2363 3017 2625 3065; x_wconf 76' lang='lat' dir='ltr'><strong>Manibus.</strong></span> 
     </span>
     <span class='ocr_line' id='line_1_68' title="bbox 1633 3093 2630 3166; baseline 0.002 -19"><span class='ocrx_word' id='word_1_359' title='bbox 1633 3094 1840 3156; x_wconf 84' lang='lat' dir='ltr'><strong>Manes,</strong></span> <span class='ocrx_word' id='word_1_360' title='bbox 1855 3094 2048 3147; x_wconf 75' lang='lat' dir='ltr'><strong>animas</strong></span> <span class='ocrx_word' id='word_1_361' title='bbox 2061 3093 2483 3159; x_wconf 82' lang='lat' dir='ltr'><strong>defunctorum,</strong></span> <span class='ocrx_word' id='word_1_362' title='bbox 2499 3113 2630 3166; x_wconf 73' lang='lat' dir='ltr'><strong>quae</strong></span> 
     </span>
     <span class='ocr_line' id='line_1_69' title="bbox 1634 3174 2630 3247; baseline 0 -20"><span class='ocrx_word' id='word_1_363' title='bbox 1634 3174 1787 3246; x_wconf 81' lang='lat' dir='ltr'><strong>apud</strong></span> <span class='ocrx_word' id='word_1_364' title='bbox 1799 3188 2008 3227; x_wconf 79' lang='lat' dir='ltr'><strong>veteres</strong></span> <span class='ocrx_word' id='word_1_365' title='bbox 2022 3193 2124 3247; x_wconf 90' lang='lat' dir='ltr'><strong>pro</strong></span> <span class='ocrx_word' id='word_1_366' title='bbox 2135 3174 2253 3227; x_wconf 88' lang='lat' dir='ltr'><strong>Diis</strong></span> <span class='ocrx_word' id='word_1_367' title='bbox 2272 3175 2630 3229; x_wconf 84' lang='lat' dir='ltr'><strong>colebantur.</strong></span> 
     </span>
    </p>

    <p class='ocr_par' dir='ltr' id='par_1_18' title="bbox 1633 3253 2638 3869">
     <span class='ocr_line' id='line_1_70' title="bbox 1711 3253 2629 3322; baseline 0.002 -17"><span class='ocrx_word' id='word_1_368' title='bbox 1711 3253 1793 3322; x_wconf 84' lang='lat'><strong>39.</strong></span> <span class='ocrx_word' id='word_1_369' title='bbox 1819 3257 1964 3305; x_wconf 78' lang='lat' dir='ltr'><strong>Nunc</strong></span> <span class='ocrx_word' id='word_1_370' title='bbox 1983 3274 2082 3305; x_wconf 78' lang='lat' dir='ltr'><strong>non</strong></span> <span class='ocrx_word' id='word_1_371' title='bbox 2102 3275 2129 3305; x_wconf 84' lang='lat' dir='ltr'><strong>e</strong></span> <span class='ocrx_word' id='word_1_372' title='bbox 2154 3257 2378 3321; x_wconf 66' lang='lat' dir='ltr'><strong>cumula]</strong></span> <span class='ocrx_word' id='word_1_373' title='bbox 2402 3253 2629 3307; x_wconf 82' lang='lat' dir='ltr'><strong>Tumu-</strong></span> 
     </span>
     <span class='ocr_line' id='line_1_71' title="bbox 1634 3333 2634 3407; baseline 0.001 -21"><span class='ocrx_word' id='word_1_374' title='bbox 1634 3334 1752 3397; x_wconf 83' lang='lat' dir='ltr'><strong>lus,</strong></span> <span class='ocrx_word' id='word_1_375' title='bbox 1772 3334 2022 3387; x_wconf 83' lang='lat' dir='ltr'><strong>hocloco</strong></span> <span class='ocrx_word' id='word_1_376' title='bbox 2035 3372 2052 3400; x_wconf 87' lang='lat'>‚</span> <span class='ocrx_word' id='word_1_377' title='bbox 2073 3333 2434 3406; x_wconf 85' lang='lat' dir='ltr'><strong>sepulchrum</strong></span> <span class='ocrx_word' id='word_1_378' title='bbox 2454 3346 2473 3398; x_wconf 70' lang='lat'>3</span> <span class='ocrx_word' id='word_1_379' title='bbox 2491 3352 2634 3407; x_wconf 85' lang='lat' dir='ltr'><strong>pro-</strong></span> 
     </span>
     <span class='ocr_line' id='line_1_72' title="bbox 1635 3415 2633 3488; baseline 0.003 -21"><span class='ocrx_word' id='word_1_380' title='bbox 1635 3416 1758 3487; x_wconf 86' lang='lat' dir='ltr'><strong>prie</strong></span> <span class='ocrx_word' id='word_1_381' title='bbox 1778 3427 1922 3469; x_wconf 87' lang='lat' dir='ltr'><strong>terra</strong></span> <span class='ocrx_word' id='word_1_382' title='bbox 1941 3428 2188 3468; x_wconf 87' lang='lat' dir='ltr'><strong>tumens:</strong></span> <span class='ocrx_word' id='word_1_383' title='bbox 2219 3415 2410 3486; x_wconf 82' lang='lat' dir='ltr'><strong>itaque</strong></span> <span class='ocrx_word' id='word_1_384' title='bbox 2437 3428 2633 3488; x_wconf 85' lang='lat' dir='ltr'><strong>potest</strong></span> 
     </span>
     <span class='ocr_line' id='line_1_73' title="bbox 1633 3495 2634 3549; baseline -0.001 -1"><span class='ocrx_word' id='word_1_385' title='bbox 1633 3513 1750 3548; x_wconf 79' lang='lat' dir='ltr'><strong>esse</strong></span> <span class='ocrx_word' id='word_1_386' title='bbox 1769 3496 1920 3547; x_wconf 87' lang='lat' dir='ltr'><strong>collis</strong></span> <span class='ocrx_word' id='word_1_387' title='bbox 1938 3495 2218 3549; x_wconf 84' lang='lat' dir='ltr'><strong>naturalis.</strong></span> <span class='ocrx_word' id='word_1_388' title='bbox 2236 3524 2308 3535; x_wconf 90' lang='lat'><strong>·-—·</strong></span> <span class='ocrx_word' id='word_1_389' title='bbox 2321 3496 2634 3547; x_wconf 57' lang='lat' dir='ltr'><strong>Fortunata-</strong></span> 
     </span>
     <span class='ocr_line' id='line_1_74' title="bbox 1636 3573 2633 3647; baseline 0.003 -22"><span class='ocrx_word' id='word_1_390' title='bbox 1636 3594 1734 3643; x_wconf 81' lang='lat' dir='ltr'><strong>que</strong></span> <span class='ocrx_word' id='word_1_391' title='bbox 1755 3576 1960 3643; x_wconf 64' lang='lat' dir='ltr'><strong>favilla.</strong></span> <span class='ocrx_word' id='word_1_392' title='bbox 2001 3573 2200 3647; x_wconf 78' lang='lat' dir='ltr'><strong>Tangit</strong></span> <span class='ocrx_word' id='word_1_393' title='bbox 2233 3578 2454 3627; x_wconf 78' lang='lat' dir='ltr'><strong>&#39;morem</strong></span> <span class='ocrx_word' id='word_1_394' title='bbox 2477 3576 2633 3628; x_wconf 84' lang='lat' dir='ltr'><strong>’anti-</strong></span> 
     </span>
     <span class='ocr_line' id='line_1_75' title="bbox 1637 3654 2633 3728; baseline 0 -19"><span class='ocrx_word' id='word_1_395' title='bbox 1637 3662 1900 3727; x_wconf 82' lang='lat' dir='ltr'><strong>&#39;quorum‚</strong></span> <span class='ocrx_word' id='word_1_396' title='bbox 1913 3654 2060 3728; x_wconf 87' lang='lat' dir='ltr'><strong>apud</strong></span> <span class='ocrx_word' id='word_1_397' title='bbox 2079 3673 2218 3728; x_wconf 88' lang='lat' dir='ltr'><strong>quos</strong></span> <span class='ocrx_word' id='word_1_398' title='bbox 2231 3660 2468 3726; x_wconf 83' lang='lat' dir='ltr'><strong>corpora</strong></span> <span class='ocrx_word' id='word_1_399' title='bbox 2484 3675 2633 3709; x_wconf 89' lang='lat' dir='ltr'><strong>mor-</strong></span> 
     </span>
     <span class='ocr_line' id='line_1_76' title="bbox 1638 3735 2638 3815; baseline 0 -26"><span class='ocrx_word' id='word_1_400' title='bbox 1638 3748 1866 3789; x_wconf 89' lang='lat' dir='ltr'><strong>tuorum</strong></span> <span class='ocrx_word' id='word_1_401' title='bbox 1890 3736 2273 3790; x_wconf 83' lang='lat' dir='ltr'><strong>cremabantur</strong></span> <span class='ocrx_word' id='word_1_402' title='bbox 2291 3772 2310 3800; x_wconf 91' lang='lat'>,</span> <span class='ocrx_word' id='word_1_403' title='bbox 2331 3735 2493 3815; x_wconf 62' lang='lat' dir='ltr'><strong>quod</strong></span> <span class='ocrx_word' id='word_1_404' title='bbox 2511 3756 2638 3789; x_wconf 86' lang='lat' dir='ltr'><strong>om-</strong></span> 
     </span>
     <span class='ocr_line' id='line_1_77' title="bbox 1636 3816 2120 3869; baseline -0.004 -1"><span class='ocrx_word' id='word_1_405' title='bbox 1636 3816 1800 3869; x_wconf 86' lang='lat' dir='ltr'><strong>nibus</strong></span> <span class='ocrx_word' id='word_1_406' title='bbox 1819 3822 2034 3869; x_wconf 86' lang='lat' dir='ltr'><strong>n&#39;otum.</strong></span> <span class='ocrx_word' id='word_1_407' title='bbox 2113 3822 2120 3829; x_wconf 91' lang='lat'>&#39;</span> 
     </span>
    </p>

    <p class='ocr_par' dir='ltr' id='par_1_19' title="bbox 1707 3889 2634 3965">
     <span class='ocr_line' id='line_1_78' title="bbox 1707 3889 2634 3965; baseline 0.001 -15"><span class='ocrx_word' id='word_1_408' title='bbox 1707 3902 1792 3959; x_wconf 76' lang='grc'><strong>40.</strong></span> <span class='ocrx_word' id='word_1_409' title='bbox 1805 3889 2082 3949; x_wconf 67' lang='lat' dir='ltr'><strong>Nascentur</strong></span> <span class='ocrx_word' id='word_1_410' title='bbox 2089 3895 2276 3965; x_wconf 68' lang='lat' dir='ltr'><strong>viola-,J</strong></span> <span class='ocrx_word' id='word_1_411' title='bbox 2292 3896 2408 3951; x_wconf 87' lang='lat' dir='ltr'><strong>Vid</strong></span> <span class='ocrx_word' id='word_1_412' title='bbox 2419 3899 2453 3950; x_wconf 88' lang='lat' dir='ltr'><strong>J</strong></span> <span class='ocrx_word' id='word_1_413' title='bbox 2457 3909 2634 3951; x_wconf 76' lang='lat' dir='ltr'><strong>uv&#39;en.</strong></span> 
     </span>
    </p>
   </div>
   <div class='ocr_carea' id='block_1_14' title="bbox 1633 3976 2638 4052">
    <p class='ocr_par' dir='ltr' id='par_1_20' title="bbox 1633 3976 2638 4052">
     <span class='ocr_line' id='line_1_79' title="bbox 1633 3976 2638 4052; baseline 0 -20"><span class='ocrx_word' id='word_1_414' title='bbox 1633 3978 1757 4033; x_wconf 88' lang='lat' dir='ltr'><strong>loco</strong></span> <span class='ocrx_word' id='word_1_415' title='bbox 1775 3978 1984 4051; x_wconf 79' lang='lat' dir='ltr'><strong>proecit.</strong></span> <span class='ocrx_word' id='word_1_416' title='bbox 2008 3976 2134 4031; x_wconf 69' lang='lat' dir='ltr'><strong>Haec</strong></span> <span class='ocrx_word' id='word_1_417' title='bbox 2153 3988 2343 4033; x_wconf 84' lang='lat' dir='ltr'><strong>autem</strong></span> <span class='ocrx_word' id='word_1_418' title='bbox 2361 3977 2638 4052; x_wconf 77' lang='lat' dir='ltr'><strong>figmenta</strong></span> 
     </span>
    </p>
   </div>
  </div>
 </body>
</html>
