2775 4619
575 551 656 592 22

1097 523 1179 586 A.
1220 495 1608 584 'PERsu
1667 509 2049 582 FLAcm

659 649 815 714 Non
844 667 997 736 eg0‚
1024 649 1172 708 ciun
1202 643 1420 709 scribo
1437 688 1458 725 ,
1487 643 1540 706 si
1567 643 1737 706 forte
1763 641 1926 728 quid
1951 640 2160 730 aptius
2181 639 2316 704 exit
2539 643 2608 714 ’45

665 760 983 850 (Quando
1008 759 1145 824 haec
1170 782 1313 824 rara
1339 759 1474 824 avis
1499 758 1666 846 est),
1688 758 1741 821 si
1769 755 1931 844 quid
1954 772 2171 820 tamen
2195 755 2414 844 aptius
2439 756 2606 837 exit,

646 847 943 942 *Laudari
970 889 1292 956 metuam3
1316 895 1530 962 neque
1553 873 1726 938 enim
1753 871 1918 934 mihi
1937 892 2174 936 cornea
2199 869 2364 934 fibra
2387 885 2520 935 est:

661 990 790 1058 Sed
817 991 977 1055 recti
1004 987 1335 1077 finemque
1362 1005 1853 1075 extremumque
1877 1007 2014 1051 esse
2041 1007 2269 1052 recuso

663 1107 849 1193 Euge
874 1121 1100 1184 tuum,
1129 1121 1197 1168 et
1224 1101 1401 1169 belle.
1425 1103 1596 1167 Nam
1623 1101 1782 1166 belle
1809 1097 1936 1166 boc
1959 1078 2186 1166 exiente
2213 1116 2467 1164 totum:

664 1221 845 1304 Quid
870 1244 1006 1286 non
1034 1221 1210 1286 intus
1237 1218 1480 1285 habet?
1508 1219 1663 1284 Non
1685 1235 1782 1284 est
1805 1217 1916 1284 mc
1945 1218 2102 1282 nias.
2119 1195 2281 1282 Ac'ci
2295 1264 2318 1298 ,
2545 1221 2608 1278 ⁵0

574 1413 703 1466 vid.
717 1415 855 1467 infra
871 1433 982 1466 var.
996 1413 1118 1467 lect.
1133 1411 1202 1465 Id
1219 1424 1297 1466 est
1314 1432 1328 1464 ε
1348 1413 1380 1463 ὅ
1391 1417 1554 1475 modo,

577 1507 643 1548 tu
663 1496 761 1568 qui
779 1495 946 1550 modo
964 1495 1183 1548 locutus
1202 1512 1290 1559 esg
1312 1509 1556 1562 quemque

561 1577 655 1644 sas
672 1591 766 1636 est,
787 1576 997 1642 scil-jas
1019 1590 1115 1636 esc,
1138 1589 1185 1626 te
1200 1577 1361 1626 dicere
1376 1595 1444 1627 ex
1462 1579 1554 1627 ad·

573 1677 724 1709 verso.
762 1659 829 1708 A.

648 1737 735 1798 45.
778 1739 833 1786 Si
852 1735 994 1803 sorte
1038 1737 1163 1803 quid
1204 1737 1366 1803 aptius
1408 1735 1546 1806 emin]

574 1815 915 1888 Singularem
936 1812 1277 1880 modestiam,
1292 1816 1397 1870 hoc
1414 1815 1554 1880 loco,

575 1910 630 1948 et
659 1895 800 1948 infra
823 1895 1039 1948 Persius
1064 1893 1323 1949 ostendit.

650 1979 737 2040 46.
773 1979 981 2042 Quando
1014 1978 1121 2029 Izaee
1154 1997 1275 2028 rara
1306 1979 1446 2044 avis]
1469 1973 1555 2030 Ad

572 2055 885 2109 Phoenicem
896 2075 1045 2109 avem
1058 2055 1269 2109 alludit.
1280 2055 1409 2122 vid.
1419 2057 1556 2108 Plin.

570 2135 654 2200 lib·
690 2135 772 2200 X,
794 2155 914 2208 cap.
936 2155 985 2187 2.
1006 2134 1169 2190 ovid.
1192 2137 1411 2189 Metam.
1425 2136 1556 2202 XV,

576 2214 645 2286 37
666 2254 683 2282 ,
708 2228 764 2268 et
788 2217 987 2268 Juven.
1011 2215 1130 2280 VI,
1160 2217 1279 2269 165.

650 2303 741 2367 47.
779 2299 966 2348 Cornea
977 2299 1121 2367 fibra
1146 2298 1249 2369 esa]
1280 2297 1391 2351 Cor
1417 2296 1554 2351 mihi

576 2374 782 2428 durum
799 2395 911 2428 non
932 2388 1029 2442 est,
1041 2376 1192 2447 quod
1211 2376 1385 2429 laudis
1401 2396 1554 2431 amor

522 2506 528 2511 ,
572 2475 683 2509 non
707 2462 1159 2529 tangat.—-Fibra.
1184 2458 1553 2532 Synecdochi·

574 2554 635 2590 ce
648 2575 661 2600 ,
680 2556 783 2608 pro
806 2537 993 2601 corde,
1014 2541 1172 2611 cujus
1192 2540 1555 2594 extremitates

573 2616 725 2669 flbrae
750 2618 1115 2689 appellantur.
1148 2617 1209 2671 P.

648 2696 737 2761 48.
782 2702 883 2749 Sed
909 2703 1035 2750 recti
1048 2702 1242 2771 finem,
1266 2702 1374 2767 eta]
1408 2698 1553 2752 Lau-

572 2776 700 2830 dem
721 2810 745 2843 ‚-
777 2778 997 2851 inquit,
1032 2796 1147 2831 non
1182 2794 1421 2851 respu03
1455 2778 1553 2832 sed

1633 1431 1751 1466 eam
1762 1428 1868 1484 pro
1885 1411 1996 1465 fine
2012 1422 2066 1464 et
2082 1411 2280 1464 ultimo
2293 1428 2464 1480 scopo
2477 1408 2608 1463 mihi

1631 1509 1940 1566 proponere
1961 1489 2109 1544 nolo.
2133 1491 2379 1544 Omnino
2398 1489 2607 1562 sapien-

1633 1586 1743 1626 tem
1756 1572 1990 1626 stoicum
2004 1590 2070 1624 ex
2081 1571 2164 1624 his
2178 1569 2333 1624 facile
2345 1588 2610 1642 agnoscas.

1633 1653 1826 1707 Stoicis
1845 1653 1990 1706 enim
2009 1652 2188 1707 virtus
2212 1651 2327 1723 ipsa
2347 1669 2454 1722 pro
2473 1670 2613 1703 mer·

1633 1733 1764 1787 cede
1791 1732 2152 1804 reputabatur
2168 1769 2186 1795 ‚
2215 1733 2280 1788 ab
2310 1732 2416 1784 hoc
2445 1732 2609 1785 unico

1631 1825 1908 1886 praecepto
1926 1811 2203 1884 pendebat
2220 1829 2416 1864 eorum
2435 1811 2611 1864 omnis

1635 1893 1902 1948 doctrina.
1929 1891 2216 1946 claudian.

1634 2001 1746 2062 Ipsa
1762 1999 1952 2062 quidm
1969 1999 2120 2044 virtus
2135 1997 2340 2059 pretium
2358 1995 2454 2042 sibi
2458 2029 2608 2044 .....

1633 2060 1744 2120 Noni
1761 2072 1865 2134 opis
1878 2080 2083 2117 externae
2096 2069 2314 2130 cupiens,
2333 2085 2433 2116 non
2455 2067 2612 2132 indiga

1630 2143 2084 2262 Divitiirdlastiimosa
2134 2213 2230 2259 suis
2258 2247 2274 2270 ‚
2319 2212 2613 2291 immotaque

1631 2287 1916 2417 Casibliiilzsx
1933 2360 2025 2406 alta
2040 2358 2258 2405 mortalia
2273 2358 2480 2420 despicit
2491 2374 2611 2406 arce.

1705 2463 1792 2527 49.
1823 2462 1960 2525 Euge
1979 2471 2115 2507 tuum
2128 2494 2146 2516 ,
2169 2471 2221 2507 et
2242 2456 2404 2527 bella]
2430 2457 2614 2509 Accla-

1635 2537 1900 2591 mationes
1917 2536 2125 2590 usitata
2136 2574 2151 2600 ‚
2163 2534 2233 2588 ad
2249 2530 2386 2607 quas
2391 2554 2613 2608 respon-

1625 2616 1770 2670 dent
1795 2629 2050 2669 nostrum
2071 2618 2218 2666 bravo
2232 2621 2254 2665 Ι
2273 2614 2341 2667 A.

1707 2698 1791 2752 50.
1824 2700 1959 2764 Quid
1971 2717 2069 2748 non
2089 2699 2216 2747 intus
2236 2698 2458 2765 Ῐιαόστὲ]
2483 2696 2608 2749 Scil.

1632 2778 1940 2844 inanitatis,
1965 2776 2296 2860 adulationis
2320 2791 2376 2831 et
2403 2778 2610 2832 irrisio·

565 2936 702 3003 inter
716 2972 847 3021 quos
860 2956 1135 3018 Puteanus,
1152 2957 1304 3018 8048,
1321 2956 1667 3017 colbertinus,
1690 2957 1826 3021 8049
1839 2991 1854 3017 ‚
1873 2956 2608 3016 Mazarineus,'l?auchetianuss

574 3032 737 3095 8070,
757 3048 809 3085 et
840 3038 927 3085 alii
957 3038 1195 3103 permulti
1225 3048 1582 3100 numerantur,
1611 3039 1770 3087 veluti
1802 3039 2044 3103 aptiorem
2075 3048 2126 3086 et
2157 3039 2318 3087 solam
2333 3034 2634 3104 genuinam'

574 3114 803 3180 (Thuan.
816 3127 992 3165 tamen
1011 3120 1050 3177 1,
1072 3120 1165 3180 807
1176 3136 1203 3167 2
1216 3130 1269 3167 et
1287 3120 1400 3168 cod.
1422 3130 1595 3171 noster
1611 3117 1981 3185 habentfeci.):
2001 3119 2130 3183 quid
2146 3120 2284 3167 enim
2305 3120 2424 3167 vult
2441 3121 2612 3178 istud,

579 3210 725 3257 quem
754 3210 820 3241 ex
844 3198 1042 3245 adverso
1067 3198 1228 3245 dicere
1239 3196 1353 3262 feci
1367 3234 1385 3256 ,
1415 3216 1519 3263 par
1542 3199 1634 3263 qui
1647 3200 1707 3265 je
1729 3216 1805 3247 me
1829 3198 1927 3257 suis
1938 3196 2194 3263 faitfaire
2209 3216 2287 3247 ces
2304 3198 2614 3264 objections?

566 3274 767 3321 Persius
789 3285 958 3323 autem
978 3276 1317 3325 adversarium
1344 3278 1619 3342 alloquitur
1633 3312 1648 3338 ‚
1670 3289 1718 3326 et
1738 3278 1806 3326 ait
1819 3294 1837 3327 .·
1861 3278 2090 3343 Quisquis
2113 3294 2162 3326 es
2173 3313 2192 3336 ,
2211 3277 2243 3326 ὅ
2263 3279 2410 3327 modo
2424 3314 2443 3335 ‚
2466 3296 2615 3343 quem

552 3350 648 3417 sas
678 3364 751 3401 est
778 3353 940 3401 dicere
970 3370 1036 3401 ea·
1071 3355 1271 3403 adverso
1282 3374 1306 3412 ;
1333 3358 1425 3420 qui
1453 3374 1550 3420 que
1587 3369 1638 3404 tu
1665 3357 1786 3418 sois,
1813 3370 1866 3405 cu
1901 3374 1957 3405 as
1986 3358 2032 3405 le
2065 3356 2198 3405 droit
2219 3374 2333 3405 sans
2365 3358 2524 3406 doute
2555 3360 2615 3407 de

569 3431 729 3481 n'e‘tre
752 3450 849 3497 pas
880 3434 941 3481 de
976 3450 1091 3483 mon
1120 3434 1247 3483 avis:
1259 3437 1319 3503 je
1346 3436 1451 3484 ηἀἰ
1463 3453 1559 3502 pas
1586 3438 1631 3487 le
1663 3436 1797 3485 droit
1826 3438 1889 3485 de
1917 3434 2206 3502 t'empe'cher
2229 3437 2294 3486 de
2315 3439 2500 3501 parler
2524 3456 2614 3487 au-

570 3523 813 3569 tremam,-
843 3524 1005 3577 quant
1026 3514 1223 3574 atmoi,
1248 3527 1341 3564 ete.
1370 3516 1515 3565 Nihil
1552 3518 1676 3565 novi
1711 3518 1992 3583 simplicius
2025 3528 2076 3565 et
2102 3517 2491 3567 convenientius
2517 3519 2610 3569 hae

566 3593 923 3657 explicatione.
942 3596 1053 3643 Vct.
1074 3596 1233 3644 schol.
1258 3609 1308 3646 et
1331 3608 1448 3663 post
1465 3612 1580 3647 eum
1608 3616 1783 3647 omnes
1801 3599 1928 3647 editi
1946 3599 2092 3659 libri,

911 3697 1136 3760 Quisquis
1155 3715 1204 3746 es
1218 3734 1232 3757 ,
1250 3700 1281 3745 ὁ
1298 3700 1445 3753 modo
1459 3736 1472 3757 ,
1493 3718 1634 3763 quem
1651 3717 1713 3748 ex
1728 3701 1927 3748 adverso
1948 3700 2232 3765 diceresed
2242 3736 2260 3757 ,

559 3796 618 3845 id
636 3806 709 3846 est
721 3832 736 3857 ,
756 3796 886 3847 finxi
900 3834 915 3859 ,
936 3798 1176 3849 constitui
1192 3800 1532 3849 adversarium
1551 3802 1690 3849 mihi.
1711 3802 1873 3850 Miror
1888 3802 2246 3851 casaubonum
2258 3836 2273 3862 ,
2295 3803 2391 3868 qui
2410 3804 2609 3871 aliquot

564 3877 709 3925 codd.
731 3895 855 3928 usus
874 3890 954 3928 est
972 3913 986 3939 ,
1007 3882 1280 3945 praesertim
1303 3883 1529 3929 Puteano
1548 3893 1720 3931 nostro
1740 3884 1847 3933 haec
1871 3900 1979 3931 non
1993 3884 2411 3932 animadvertisse.

632 3974 696 4019 V.
725 3974 807 4029 46.
834 3977 964 4023 Haec.
984 3980 1098 4024 Vet.
1118 3977 1275 4024 schol.
1300 3974 1456 4024 habet
1479 3976 1587 4025 hoc.
1610 3980 1789 4028 Caeteri
1810 3996 1984 4027 omnes
2003 3990 2054 4028 et
2079 3980 2201 4027 editi
2221 3991 2273 4027 et
2291 3981 2470 4045 scripti
2487 3980 2604 4029 libri
2697 3964 2699 3996 ξ

533 4089 540 4095 .
564 4046 673 4097 haec
686 4084 702 4106 ,
726 4063 857 4099 certe
888 4054 1084 4101 melius.
1114 4056 1177 4102 In
1208 4055 1476 4103 nonnullis
1500 4057 1648 4105 codd.
1677 4074 1852 4108 versus
1886 4060 1980 4107 iste
2009 4070 2152 4108 vacat
2168 4093 2183 4119 ‚
2203 4059 2262 4107 in
2290 4060 2440 4110 codd.
2469 4076 2606 4127 Ρη·
2695 4124 2697 4127 ⁴

562 4131 727 4179 sertim
754 4133 887 4181 8050
910 4144 960 4210 et
984 4136 1138 4195 8²74·
1168 4136 1294 4185 Cod.
1323 4146 1517 4197 noster,
1539 4136 1660 4187 hoec.
