2775 4619
520 350 644 477 1218
731 464 736 469 ,

1041 382 1128 451 Ἀ.
1180 384 1553 450 PERSII
1612 382 1998 451 FLACCI

603 514 980 577 castoreum
997 558 1016 591 ‚
1045 526 1264 599 stupas
1281 558 1301 589 ‚
1325 510 1612 574 ebenum
1628 557 1647 591 ‚
1672 508 1853 593 thuS,
1873 508 2121 585 lubrica
2144 512 2317 575 Coa:

2458 514 2561 575 135

602 626 790 691 Tolle
817 647 1075 704 recens,
1107 624 1356 712 primus
1373 672 1394 706 ,
1426 622 1615 713 piper
1642 644 1679 686 e
1706 623 1967 688 sitiente
1990 623 2237 689 camelo
2258 648 2279 689 τ

601 740 800 807 Verte
823 738 1109 827 aliquid:
1135 740 1298 827 jura.
1331 736 1461 802 Sed
1483 738 1738 827 Jupiter
1758 737 2003 804 audiet.
2033 738 2257 803 Eheu!

511 959 616 1015 En,
637 972 727 1005 me
753 949 994 1005 voici.—
1013 952 1147 1016 Quid
1171 922 1360 1018 ubam?
1385 952 1491 1014 Que
1568 958 1710 999 trem
1736 946 1949 1000 laxabat
1967 986 1984 1012 ‚
2013 946 2139 1001 ideo
2166 946 2455 1003 dicebatur
2484 954 2569 1002 Iu-

409 1091 416 1101 ,
497 1036 745 1103 fimi-je?
757 1032 1492 1099 Pourquoisair'e9-Rogt'eas1’

519 1120 648 1166 Vous
661 1117 710 1165 le
726 1115 993 1165 demanda
1000 1149 1019 1172 ,
1038 1110 1220 1182 inquit
1233 1108 1455 1161 avaritia
1468 1108 1493 1159 Ρ

511 1198 669 1267 -ΙΕη
686 1195 942 1259 saper-dam
953 1197 975 1241 Ι
997 1190 1044 1242 Ο
1072 1188 1352 1241 hominem
1369 1186 1494 1240 vilis

411 1273 422 1283 ’
509 1272 987 1347 pretii3hominem
1003 1270 1231 1323 similem
1245 1271 1492 1335 saper-dcc!

519 1359 566 1419 Q
595 1358 640 1405 le
662 1374 850 1421 pauore
883 1354 1032 1403 here!
1062 1351 1366 1403 l'imbdcille!
1387 1347 1495 1399 Vel

511 1434 698 1507 potius
713 1472 730 1501 ,
756 1445 818 1485 ut
847 1431 1052 1495 nostri,
1076 1428 1272 1483 triviali
1292 1424 1460 1479 modo
1475 1464 1493 1492 ‚

513 1513 750 1567 dicunt:
784 1515 926 1565 νοιἹὰ
966 1531 1047 1562 ma
1084 1510 1497 1561 beta—Advelze

507 1604 672 1651 Ponto
693 1610 994 1655 castoreum,
1017 1607 1105 1645 etc.
1129 1592 1315 1662 Longe
1338 1589 1495 1642 aliter

508 1696 575 1731 ac
603 1694 702 1729 nos
729 1677 876 1730 hunc
901 1674 1084 1727 locum
1109 1672 1380 1744 explicant
1402 1668 1494 1721 alii

513 1757 871 1827 interpretes3
893 1752 990 1807 sed
1008 1750 1246 1807 vividior
1268 1763 1349 1803 est
1367 1768 1505 1823 nos-

512 1850 598 1893 tra
630 1837 828 1908 dialogi
862 1836 1056 1888 forma.
1090 1833 1382 1893 Praeterea,
1416 1829 1496 1895 si,

509 1932 579 1971 ut
606 1919 928 1983 Athenaeus,
956 1916 1053 1969 lib.
1083 1916 1175 1967 111
1193 1952 1210 1979 ‚
1234 1932 1355 1985 cap.
1392 1930 1462 1963 20
1480 1947 1497 1975 ,

509 2001 682 2053 refert
699 2037 715 2065 ,
746 2001 957 2067 sqperda
971 2037 988 2061 ,
1019 1996 1312 2050 Ponticum
1339 2008 1500 2063 opso-

511 2080 703 2144 nium,
731 2079 836 2141 vile
875 2090 928 2131 et
972 2076 1210 2149 ignobile
1245 2072 1499 2127 edulium

513 2172 686 2225 esset3
707 2179 820 2213 non
847 2160 972 2211 satis
995 2158 1283 2231 perspicue
1301 2152 1465 2207 video
1479 2186 1498 2219 ,

513 2256 616 2293 cur
633 2277 650 2304 .,
687 2240 794 2292 hoc
833 2240 956 2292 loco
972 2277 989 2303 ,
1018 2237 1238 2291 avaritia
1275 2235 1498 2306 pigrum

509 2321 797 2375 excitasset
808 2357 825 2384 ‚
843 2318 912 2372 ad
927 2317 1300 2372 arcessendam
1313 2335 1342 2368 e
1359 2317 1500 2367 Pou-

513 2414 576 2454 to
596 2414 708 2454 tam
728 2399 892 2454 vilem
914 2417 1174 2463 mercem,
1195 2417 1358 2471 quam
1371 2401 1501 2470 jun..

511 2481 684 2535 xisset
699 2497 828 2531 cum
841 2491 1099 2541 castoreo,
1115 2479 1334 2531 lubricis
1349 2480 1497 2548 Cois,

510 2560 742 2632 aliisque
749 2559 1149 2632 pretiosissimis
1157 2560 1336 2613 rebus.
1346 2560 1501 2614 Hanc

513 2641 811 2695 formulam
827 2679 844 2706 ,
871 2661 933 2692 en
961 2643 1221 2708 saperdam
1236 2648 1258 2692 Ι
1288 2661 1389 2713 ego
1416 2631 1501 2695 iii-

511 2723 718 2794 juriam
742 2723 974 2793 accipio.
1003 2721 1110 2774 Alii
1139 2721 1337 2775 dicunt
1363 2743 1376 2774 ε
1404 2727 1499 2774 ad·

514 2804 632 2855 ocho
647 2807 906 2870 saper-dam
923 2821 954 2856 e
971 2809 1147 2865 Ponto,
1167 2802 1374 2858 advehe
1393 2825 1501 2855 cas-

511 2897 703 2936 toreum
715 2921 734 2944 ,
758 2898 846 2934 etc.
874 2884 938 2935 A.

595 2963 709 3017 135.
727 2967 1040 3033 castoreum]
1053 2963 1187 3017 vid.
1209 2962 1278 3017 ad
1296 2966 1329 3017 J
1333 2982 1497 3018 uven.

515 3057 620 3102 sat.
667 3045 816 3108 XII,
844 3065 898 3098 v.
937 3045 1028 3109 34.
1050 3076 1124 3086 -
1147 3052 1335 3112 stupas.
1369 3045 1499 3098 Pars

515 3123 619 3178 lini
637 3124 828 3176 cortici
846 3125 1095 3196 proxima
1109 3137 1265 3196 stupa
1279 3123 1501 3178 dicitur.

519 3233 593 3248 -—
611 3207 850 3256 Ebenum.
888 3206 1067 3256 Arbor
1103 3206 1227 3257 satis
1264 3219 1413 3258 nota.
1428 3237 1501 3246 —-

518 3287 737 3336 Lubrica
770 3289 882 3337 Coa.
916 3285 1131 3338 Vinum
1161 3287 1340 3339 Coum
1371 3305 1501 3342 vcn-

1571 1030 1757 1078 bre'cum
1774 1026 1977 1082 Graecis
1994 1027 2247 1095 medicis,
2266 1042 2325 1083 et
2338 1029 2569 1085 Ar'ntot.

1571 1111 1895 1162 Μαι-λεκτικὸν
1916 1148 1933 1177 ‚
1959 1110 2048 1162 vel
2071 1113 2348 1164 λεαντικὸν.
2387 1112 2453 1163 C.

1648 1205 1670 1239 ι
1682 1186 1769 1239 36.
1798 1190 1933 1239 Tolle
1954 1208 2139 1250 recens,
2146 1192 2357 1256 primus,
2369 1193 2567 1260 piper-J

1572 1266 1865 1320 Anteverte
1910 1268 2041 1321 alios
2086 1284 2423 1323 mercatores
2445 1308 2463 1335 ,
2508 1282 2569 1323 et

1573 1368 1700 1404 cave
1715 1389 1733 1419 ,
1752 1369 1829 1403 ne
1842 1350 2388 1425 illipraeoccupantes
2409 1372 2569 1425 ques-

1574 1431 1665 1483 tus
1696 1431 2035 1485 occasionem
2068 1434 2414 1505 praeripiant.
2450 1435 2569 1487 Ho-

1574 1511 1745 1565 ratius
1760 1547 1779 1576 ‚
1797 1511 1894 1565 lib.
1912 1512 1941 1564 1
1956 1548 1971 1575 ,
1990 1512 2148 1584 epist.
2168 1516 2234 1578 6,
2256 1533 2309 1567 v.
2330 1512 2401 1566 32
2426 1533 2442 1565 ε

1578 1644 1788 1659 .....
1809 1612 1931 1657 Cave
1952 1624 2015 1655 nc
2038 1616 2205 1669 portus
2224 1619 2431 1669 occupet
2446 1606 2569 1657 alm·-

1574 1686 1648 1733 He
1659 1681 1951 1743 eibynticn,
1972 1695 2033 1726 ne
2044 1678 2243 1739 Bithyna
2258 1682 2450 1742 negotia
2458 1697 2577 1743 per-

1700 1756 1799 1801 du.

1574 1841 1849 1892 -sicienee
1862 1838 2063 1887 camelo.
2081 1834 2207 1887 Non
2222 1835 2571 1907 simpliciter,

1576 1916 1851 1991 πολυδιψίῳ
1870 1952 1888 1982 ‚
1912 1916 2009 1972 sed
2044 1917 2141 1989 qui
2173 1918 2321 1971 sitim
2352 1916 2453 1970 diu
2486 1930 2573 1970 to-

1578 2002 1711 2055 lerat
1726 2040 1743 2067 ,
1763 2001 1925 2053 etiam
1945 1996 2013 2050 ad
2030 1996 2409 2069 quatriduum.
2423 1997 2571 2049 Ptin.

1577 2083 1676 2136 lib.
1698 2079 1843 2133 VIII
1862 2116 1884 2145 ,
1902 2096 2022 2149 cap.
2052 2076 2137 2129 18.
2166 2076 2229 2129 P.

1654 2162 1775 2233 137.
1826 2162 1971 2209 Verte
2012 2158 2241 2224 aliquid-J
2287 2156 2575 2229 Exprimifl

1576 2240 1926 2316 satagentium-
1968 2249 2331 2290 mercatorum
2378 2237 2573 2291 omnia

1576 2344 1671 2399 spe
1688 2337 1743 2378 et
1757 2319 2011 2376 aviditate
2028 2318 2168 2372 lucri
2190 2319 2569 2371 molientium.

1577 2409 1879 2462 -Vertere,
1895 2419 2003 2454 vox
2018 2399 2361 2471 agricultura
2371 2439 2384 2450 .
2396 2399 2577 2453 Terra

1576 2484 1724 2536 enim
1746 2480 1983 2536 vertitur
2009 2475 2269 2530 fodiendo
2284 2516 2301 2542 ‚
2321 2479 2538 2532 arando
2555 2517 2575 2542 ‚

1578 2561 1849 2628 occando,
1861 2555 2190 2633 pastinando
2202 2595 2219 2621 ‚
2239 2571 2293 2610 et
2308 2558 2431 2612 aliis
2450 2579 2576 2612 mo·

1578 2644 1681 2698 dis.
1692 2649 1909 2695 —Jura.
1927 2638 2087 2693 Idem
2102 2657 2163 2690 ac
2180 2641 2391 2710 pejera:
2410 2659 2545 2708 nam
2556 2680 2573 2700 ,

1577 2723 1729 2778 haud
1749 2723 1988 2776 multum
2016 2719 2237 2773 interest
2260 2721 2408 2775 inter
2428 2741 2578 2795 saepe

1575 2807 1849 2877 jurantem
1889 2815 1945 2856 et
1966 2802 2329 2874 pejerantem.
2368 2801 2540 2855 Philo
2556 2843 2574 2867 ,

1575 2887 1609 2940 J
1614 2884 1708 2940 ud.
1740 2886 1797 2938 in
1821 2885 1921 2938 lib.
1950 2883 2019 2937 de
2052 2879 2243 2936 decem
2265 2881 2401 2954 legis
2426 2903 2579 2954 prae..

1577 2981 1723 3040 cept.
1750 2969 1932 3021 Φὺεται
1962 2969 2016 3020 ἐκ
2046 2966 2332 3036 πολυαρχίας
2356 2961 2575 3037 ψευδορ-

1578 3050 1664 3101 κίοι
1692 3047 1775 3101 καὶ
1806 3044 2227 3114 &officia—Sed
2250 3045 2449 3110 Jupiter
2476 3063 2575 3094 au·

1580 3130 1692 3178 diet.
1724 3125 1979 3199 Objectio
2009 3125 2246 3179 hominis
2274 3122 2461 3186 adhuc
2488 3142 2575 3176 re-

1580 3205 1799 3279 ligionis
1830 3219 1983 3258 metu
2022 3206 2253 3267 retenti,
2286 3203 2357 3256 ad
2400 3222 2575 3276 quam

1580 3285 1763 3340 statim
1789 3284 2085 3358 respondet
2104 3284 2347 3340 avaritia.
2380 3285 2445 3337 C.

521 3497 702 3548 magna
722 3482 932 3530 varietas
956 3482 1103 3530 codd.
1133 3482 1278 3530 inest.
1295 3485 1409 3532 Vet.
1442 3482 1600 3532 schol.
1628 3481 1695 3530 Ee
1720 3481 1847 3546 quid
1870 3487 2062 3548 agam?
2077 3482 2315 3547 Rogitas?
2332 3481 2583 3546 saperdas·-

521 3560 708 3612 advehe
726 3563 897 3608 Ponto.
919 3563 990 3612 Ita
1015 3561 1222 3610 casaub.
1249 3573 1300 3609 et
1329 3562 1469 3610 editt.
1498 3562 1811 3612 recentiores.
1838 3564 1915 3610 Ita
1941 3577 2147 3626 quoque
2172 3561 2285 3609 cod.
2311 3557 2373 3608 ι),ο
2397 3561 2542 3610 8050
2557 3597 2575 3621 ‚

525 3643 640 3692 cod.
659 3643 950 3701 Thuanens‚
962 3659 1039 3690 en.
1057 3660 1109 3706 q.
1117 3659 1202 3707 ag.
1217 3659 1322 3707 rog.
1341 3660 1402 3689 en
1422 3643 1616 3706 saperd.
1637 3641 1819 3692 adhibe
1836 3645 2011 3692 Ponto.
2022 3643 2181 3692 Codd.
2196 3642 2418 3692 Colhert.
2440 3645 2469 3690 1
2483 3677 2501 3702 ‚
2525 3655 2575 3691 et

525 3722 726 3773 Pitheci
757 3724 808 3771 11
824 3753 840 3780 ,
861 3739 923 3769 en
958 3723 1084 3785 quid
1103 3729 1295 3786 agam?
1321 3723 1516 3786 Rogat?
1542 3739 1603 3769 en
1629 3722 1861 3786 saperdas
1885 3721 2067 3770 advehe
2093 3724 2265 3769 Ponto.
2291 3723 2409 3770 Non
2440 3723 2575 3772 male

519 3819 748 3870 quoque.
773 3803 932 3853 Codd.
958 3804 1195 3851 Mazarin.
1225 3803 1425 3851 Pithoei
1444 3805 1469 3850 I
1483 3838 1498 3862 ‚
1519 3803 1740 3852 Colbert.
1760 3806 1813 3852 11
1826 3836 1843 3864 ‚
1862 3805 1942 3852 111
1958 3837 1974 3861 ,
1996 3815 2044 3851 et
2070 3803 2156 3851 alii
2177 3815 2234 3852 ut
2251 3820 2361 3851 nos.
2378 3805 2449 3850 At
2467 3803 2571 3856 vid.

528 3899 680 3948 supra
705 3883 1137 3931 commentarium.
1157 3882 1284 3931 Cod.
1303 3894 1505 3931 noster:
1527 3901 1587 3930 en
1605 3902 1653 3948 q.
1670 3901 1747 3950 ag.
1766 3883 1910 3949 rogic.
1940 3901 2001 3931 en
2017 3885 2227 3948 sar-peda
2246 3882 2449 3934 advehe.

603 4009 667 4062 Y.
702 4023 723 4056 1
736 4008 816 4074 37.
842 4003 1011 4058 Elaea.
1044 4005 1208 4058 Codd.
1229 4005 1382 4058 multi
1396 4041 1413 4066 ,
1430 4005 1525 4058 heu
1540 4009 1562 4054 !
1581 4005 1710 4058 heu!
1732 4017 2007 4072 utrumque
2024 4006 2169 4056 bene.
