2775 4619
578 444 770 530 xxviij
1140 441 1225 504 A.
1285 437 1637 505 PERSII
1698 439 2065 505 FLACCI

646 565 886 627 Constat
913 581 983 622 12
1006 563 1164 623 foliis
1181 608 1199 636 ,
1224 575 1283 622 et
1303 565 1528 644 paginae
1555 562 1776 642 cuique
1799 565 1874 621 30
1893 577 2032 624 sunt
2051 564 2242 624 lineae.

640 664 954 725 Chai-aeter
978 681 1117 720 vero
1150 662 1405 740 pertinet
1428 661 1505 719 ad
1531 663 1817 718 Flachen.

849 761 1156 828 (catalogus
1172 759 1454 812 cardinalis
1471 762 1546 810 De
1565 761 1802 809 Lomenie
1817 797 1832 821 ‚
1852 763 1910 810 T.
1929 765 1953 810 1
1966 796 1980 821 ,
2002 779 2055 827 p.
2084 759 2240 829 165.)

566 873 640 930 A.
678 867 857 926 Persii
890 866 1081 925 Flacci
1118 866 1435 924 Satirarum
1474 868 1658 944 Opus.
1702 868 1919 923 Anton.
1956 865 2208 924 Denidel
2225 908 2244 936 ‚

645 967 868 1044 absque
890 966 1029 1022 anni
1054 977 1193 1023 nota
1208 1006 1225 1033 ‚
1253 963 1484 1021 Parisiis
1501 1007 1518 1035 ‚

1142 1063 1403 1128 (Catalog.
1424 1063 1485 1112 de
1511 1065 1577 1112 La
1597 1063 1812 1111 Valliere
1827 1099 1842 1124 ,
1863 1060 1924 1110 n⁰
1950 1079 2043 1124 127
2059 1079 2136 1124 1¹7.
2163 1060 2185 1127 )

568 1173 645 1228 A.
661 1167 839 1227 Persii
855 1165 1047 1225 Flacci
1064 1168 1264 1226 Satirae
1285 1186 1424 1224 cum
1445 1166 1652 1244 glossis
1671 1167 1962 1244 Scipionis
1975 1167 2239 1238 Ferrarii,

641 1265 863 1343 absque
885 1263 1023 1322 anni
1046 1277 1105 1322 et
1123 1263 1489 1342 impressor-is
1514 1263 1868 1320 indicatione
1887 1305 1904 1332 ,
1929 1262 2200 1320 Ferrariae
2216 1304 2234 1332 ‚

1622 1360 1646 1427 (
1657 1361 1788 1410 Bibl.
1818 1362 1889 1410 du
1913 1359 2230 1427 Pantheon.)

562 1468 879 1545 Cantalycii
897 1465 1050 1524 Clari
1068 1466 1520 1525 commentarius
1540 1466 1602 1524 in
1625 1465 1887 1524 Persium
1899 1507 1916 1535 ‚
1937 1466 2242 1525 Francisco

644 1564 845 1623 Mariae
942 1565 1219 1644 episcopo
1290 1563 1650 1623 Viterbiensi
1720 1562 1954 1622 dicatus
2003 1604 2021 1632 ‚
2091 1562 2248 1621 circa

643 1681 865 1720 annum

560 1761 632 1816 A.
661 1758 890 1816 Persius
915 1757 1158 1816 Flaccus
1172 1799 1189 1827 ‚
1217 1756 1490 1816 Ferrariae
1504 1800 1526 1828 ‚

559 1859 630 1912 A.
659 1855 889 1913 Persius
910 1854 1181 1924 Flaccum,
1204 1873 1310 1932 per
1330 1859 1422 1912 Jo.
1448 1853 1524 1912 de
1542 1851 1911 1931 Westphalio
1926 1894 1945 1923 ,
1971 1852 2248 1924 lovanii,

559 1953 630 2010 A.
666 1952 845 2020 Persii
880 1952 1072 2010 Flacci
1107 1951 1305 2012 Satirae
1326 1971 1486 2009 -cum
1521 1950 1943 2009 commentario
1969 1949 2164 2008 Fontii
2179 1992 2198 2021 ‚

636 2049 897 2107 venetiis
915 2092 932 2119 ‚

560 2165 633 2220 A.
651 2163 830 2219 Persii
845 2161 1037 2221 Flacci
1054 2163 1273 2234 satirae,
1290 2183 1428 2220 cum
1449 2173 1764 2220 comment.
1777 2163 1869 2220 Jo.
1886 2161 2235 2232 Britannici,

636 2277 744 2337 per
760 2263 916 2337 Mag.
936 2258 1275 2317 Gabrielem
1295 2258 1668 2317 ‘tarvisinum
1695 2269 1754 2315 et
1776 2257 2026 2317 Paulum
2045 2256 2238 2317 filium

634 2356 762 2429 ejus
781 2399 798 2427 ‚
822 2355 1053 2424 Brixiae,
2217 2361 2225 2370 ⁰

556 2474 631 2529 A.
683 2470 862 2528 Persii
906 2469 1101 2528 Flacci
1118 2456 1125 2463 ’
1144 2469 1345 2557 Satirae
1374 2513 1393 2543 ‚
1437 2490 1542 2549 per
1590 2470 1830 2549 Baptist.
1881 2471 1958 2529 de
1999 2471 2194 2529 Tortis
2210 2514 2228 2543 ,

635 2569 897 2627 Venetiis
913 2610 930 2637 ‚
2247 2568 2254 2573 '

550 2680 627 2741 A.
658 2682 839 2740 Persii
868 2680 1061 2740 Flacci
1091 2682 1292 2741 Satirae
1308 2725 1327 2754 ,
1353 2682 1681 2741 Daventriae
1699 2725 1716 2752 ,

554 2800 630 2855 A.
649 2797 829 2855 Persii
844 2796 1037 2855 Flacci
1053 2797 1275 2866 Satirae,
1295 2816 1435 2855 cum
1454 2810 1768 2855 comment.
1793 2798 1984 2860 Barth.
2005 2798 2197 2879 Fontii
2215 2841 2258 2889 ,l

630 2914 739 2973 per
765 2892 1100 2952 Renaldum
1120 2893 1195 2952 de
1211 2895 1556 2973 Novimagio
1575 2938 1592 2966 ,
1613 2895 1875 2953 venetiis
1888 2937 1905 2965 ‚

549 3011 623 3065 A.
649 3007 828 3065 Persii
848 3007 1040 3066 Flacci
1058 3006 1258 3065 Satirae
1282 3026 1422 3064 cum
1445 3020 1762 3066 comment.
1786 3006 1981 3065 Barth.
2005 3000 2199 3067 Fontii
2212 3051 2230 3079 ,

631 3124 737 3182 per
761 3109 923 3183 Bapt.
955 3104 1030 3162 de
1060 3106 1285 3177 Tortis,
1308 3106 1572 3163 venetiis
1589 3148 1606 3176 ‚

463 3205 469 3216 ¹
510 3269 517 3275 .
547 3223 622 3277 A.
653 3219 831 3277 Persii
857 3217 1050 3276 Flacci
1074 3220 1273 3278 Satirae
1289 3261 1306 3289 ‚
1329 3239 1438 3296 per
1458 3218 1734 3277 eumdem
1753 3262 1771 3289 ‚
1799 3218 2060 3278 Venetiis
2078 3264 2097 3292 ,

486 3386 503 3390 -
546 3336 619 3392 A.
648 3334 826 3415 Persii
852 3331 1043 3390 Flacci
1077 3334 1307 3403 satim,
1340 3352 1480 3391 cum
1510 3345 1829 3391 comment.
1872 3336 1964 3390 Jo.
2006 3334 2232 3393 Britan-

624 3430 778 3501 nici,
808 3450 915 3507 per
942 3430 1229 3488 Jacohum
1250 3430 1649 3489 Britannicum
1667 3473 1684 3500 ,
1715 3430 1919 3487 Brixiae
1937 3474 1954 3502 ,

1224 3527 1247 3595 (
1261 3529 1525 3577 Juvenalis
1550 3528 1744 3593 prodiit
1769 3529 1945 3577 eodem
1969 3530 2162 3599 anno.)
2277 3556 2284 3565 ·

457 3619 462 3624 ⁸
541 3639 615 3693 A.
634 3633 1018 3691 Persiiflacci
1035 3632 1233 3692 Satirae
1245 3674 1263 3704 ,
1285 3652 1423 3690 cum
1443 3630 1877 3692 commentariis
1894 3635 2189 3696 variorum
2202 3680 2219 3708 ,

623 3732 881 3789 Venetiis
895 3773 913 3801 ,

540 3850 610 3905 A.
640 3846 820 3903 Persii
841 3845 1035 3903 Flacci
1064 3843 1267 3915 Satirae
1283 3886 1300 3915 ‚
1327 3864 1436 3922 per
1461 3846 1886 3906 Bernardinum
1913 3847 2220 3907 Benalium

622 3946 1073 4021 Bergomensem
1087 3954 1146 4003 et
1158 3940 1489 4020 Mattheum
1505 3946 1819 4024 Capcasam
1831 3950 2228 4023 Palmensemq,

622 4039 885 4103 venetiis
906 4084 923 4113 ,
