2775 4619
1459 282 1493 329 Χ

494 424 636 506 ¹2272
734 464 737 470 ,
892 401 965 463 c,
1020 348 1424 464 LUC1L11
1484 392 2128 462 FRAGMENTA·

1440 522 1495 575 V
1510 522 1538 575 I
1556 522 1604 575 Ι.
2495 558 2514 575 .

584 617 901 677 Diomedes
912 654 929 687 ,
950 616 1053 674 lib.
1070 618 1161 673 ΠΙ
1178 638 1191 673 :
1214 616 1335 675 Alii
1344 637 1379 673 a
1392 616 1530 673 vino
1551 614 1894 691 tragoediam
1913 613 2132 671 dictam
2147 611 2544 685 urbia-antam

505 726 816 792 propterea
848 712 1013 791 quod
1054 710 1562 770 olimvdictahatur
1588 712 1726 783 τρὺξ,
1753 732 1786 768 a
1811 732 1934 791 qqo
1964 712 2203 783 τρύγητος
2241 708 2548 787 hodieque

498 810 796 869 vindemia
824 822 911 867 est
926 853 944 881 ‚
974 814 1113 885 quia
1129 846 1147 869 ‚
1178 808 1538 865 Liberalibus
1563 810 1732 883 apud
1761 812 2016 877 Atticos,
2047 808 2316 878 dzbfesto
2341 809 2558 863 Liberi

487 911 685 983 patris
694 950 715 977 ,
743 912 946 963 vinum
968 907 1293 963 cantoribus
1294 926 1418 981 pm
1436 907 1742 963 corollario
1769 906 2056 977 dabatur,
2086 905 2256 981 cujus
2273 904 2360 963 rei
2379 904 2549 963 testis

505 1017 593 1062 est
618 1004 882 1063 Lucilius
908 1004 975 1061 in
998 1003 1376 1062 duodecimo.
2021 998 2030 1003 ’

1292 1210 1755 1233 mmm

746 1352 886 1419 EX
938 1351 1269 1420 LIBRO
1318 1350 1545 1418 XIII
1596 1346 2270 1419 SATIRARUM.

1497 1537 1548 1591 1.

586 1633 650 1692 Si
677 1633 824 1691 forte
851 1628 1091 1692 omniuo
1106 1672 1123 1701 ,
1146 1648 1213 1687 ac
1238 1633 1498 1689 Fortuna
1522 1631 1754 1688 vincere
1781 1628 1976 1688 bello:

584 1732 650 1790 Si
676 1731 825 1788 forte
853 1749 919 1787 ac
946 1741 1163 1787 temere
1190 1730 1464 1799 omnin03
1493 1727 1640 1803 quid
1665 1748 1905 1786 cursum
1931 1727 2008 1787 ad
2030 1729 2318 1787 honorem
2335 1726 2363 1783 i*

1459 1830 1489 1884 1
1508 1830 1556 1883 Ι.

588 1926 701 1984 Cui
728 1925 975 2005 parilem
996 1928 1252 1983 Fortuna
1280 1924 1482 1984 locum
1496 1968 1514 1996 ‚
1546 1922 1850 2003 fatumque
1877 1922 2016 1982 tulit
2041 1923 2179 1983 fors.

1445 2026 1476 2079 1
1491 2026 1520 2078 I
1540 2026 1588 2079 Ι.

588 2120 697 2179 His
717 2120 922 2178 itidem
948 2120 1011 2178 in
1037 2138 1201 2178 coena
1225 2119 1393 2177 dabis
1413 2131 1603 2177 ostrea
1625 2117 1878 2177 millibu'
1907 2116 2221 2178 nummfim

588 2218 820 2297 Empta.

1456 2316 1488 2370 1
1503 2316 1578 2372 V.

586 2411 841 2472 Acribus
866 2410 1019 2469 inter
1048 2419 1173 2468 ‘se'se
1200 2410 1375 2468 armis
1403 2412 1716 2490 confligere
1742 2411 1942 2469 cernit.

1479 2511 1552 2566 V.

586 2607 849 2664 Primum
874 2605 1135 2664 dominia
1162 2617 1339 2682 atque
1366 2605 1632 2664 sodalitia
1661 2605 1857 2664 omnia
1884 2603 2196 2663 tolluntur.
2255 2614 2263 2628 “

1463 2707 1516 2761 V
1533 2707 1581 2760 Ι.

586 2799 761 2866 Adde
792 2799 1091 2876 Syracusis
1118 2798 1241 2857 sola
1258 2843 1273 2871 ‚
1303 2800 1639 2878 pasceolum
1653 2843 1673 2871 ‚
1699 2799 1940 2857 alutam.

1438 2904 1491 2956 V
1506 2904 1534 2957 I
1557 2902 1604 2956 Ι.

599 3035 615 3052 .
640 3038 654 3052 .
680 3039 694 3052 .
720 3038 735 3053 .
761 2995 919 3054 Unu’
950 2994 1132 3052 modo
1150 3037 1168 3064 ‚
1200 2994 1275 3051 de
1302 2995 1506 3052 multis
1533 2996 1638 3073 qui
1663 2993 1898 3073 ingenio
1926 2993 2020 3051 sit.

586 3215 632 3244 1.
673 3191 870 3244 Nonius
885 3201 905 3243 ¹:
936 3195 1053 3242 Fors
1085 3204 1134 3240 et
1146 3189 1361 3258 fortuna
1385 3191 1486 3242 hoo
1566 3193 1788 3244 convivii
1805 3192 2086 3254 exhibitor,
2105 3194 2242 3242 unde
2260 3205 2311 3242 et
2323 3193 2548 3244 dominia

510 3276 711 3327 Histant.
740 3279 856 3336 For-,5
891 3286 966 3322 est
998 3291 1141 3322 casus
1170 3275 1484 3340 πωροι-ὼς
1566 3277 1811 3326 convivia.

507 3359 727 3410 Fortuna
740 3393 757 3414 ‚
786 3359 903 3404 Dea.
1637 3357 1685 3404 6.
1717 3357 1916 3404 Nouius
1945 3374 1958 3404 z
1993 3356 2273 3414 Pasceolus,
2305 3371 2368 3403 ex
2407 3357 2550 3408 aluta

582 3457 632 3488 2.
656 3439 883 3496 Nonius,
905 3436 1103 3487 ibidem.
1565 3437 1805 3486 sacculus.

581 3523 629 3570 3.
647 3521 872 3573 Nonius:
898 3521 1086 3576 Ostrea,
1101 3518 1291 3584 generis
1302 3518 1484 3567 neutri.
1639 3534 1684 3578 7.
1703 3519 1927 3566 Nonius:
1947 3520 2187 3566 Veterum
2207 3517 2550 3566 memorabilis

582 3611 629 3658 4.
655 3602 882 3650 Nonius:
908 3616 1105 3648 cernere
1128 3616 1360 3660 rursum,
1384 3600 1487 3647 dia-
1563 3587 1768 3646 scientid
1811 3615 2086 3662 paucorum
2132 3615 2402 3646 numerum
2450 3614 2549 3662 pro

510 3697 716 3746 ponere.
1465 3709 1472 3714 ·
1563 3679 1712 3727 bonis
1730 3681 1978 3744 ponebat3
2001 3681 2176 3732 multos
2198 3690 2371 3732 contra
2389 3678 2550 3748 malos

582 3761 629 3808 5.
670 3760 870 3814 Nonius
900 3777 911 3809 :
945 3758 1180 3809 Dominus
1208 3759 1488 3826 appellatur
1565 3760 1860 3826 appellabat.
