2775 4619
569 439 700 506 260
941 439 1014 508 c.
1081 437 1486 506 LUCILII
1544 420 2209 529 FRAGMENTA,

1394 633 1487 654 m

833 761 976 830 Ex
1025 759 1359 829 LIBRO
1415 762 1575 832 VII
1638 759 2301 844 SATIRARUM.

1548 928 1599 983 I.

638 1026 805 1084 Hanc
832 1021 938 1080 ubi
958 1021 1088 1080 vult
1109 1021 1262 1080 male
1286 1019 1503 1081 hahere
1519 1065 1537 1093 ‚
1566 1021 1772 1082 ulcisci
1798 1043 1907 1102 pro
1931 1023 2150 1086 scelere
2176 1025 2300 1103 ejus
2315 1069 2333 1101 ,

637 1125 873 1180 Testam
899 1120 1079 1178 sumit
1104 1119 1286 1178 homo
1313 1120 1566 1177 Samiam
1583 1161 1601 1190 ,
1629 1121 1859 1199 sibique
1882 1122 2043 1180 illico
2065 1123 2187 1182 telo

637 1219 909 1280 Praecidit
933 1218 1164 1278 caulem
1179 1261 1196 1291 ,
1225 1231 1520 1297 testesque
1546 1216 1665 1276 una
1690 1233 1956 1298 amputat
1981 1221 2181 1280 ambo.

1526 1318 1555 1373 Ῑ
1571 1320 1619 1374 Ι.

636 1414 774 1474 Dixi
790 1457 808 1485 ‚
830 1412 907 1472 ad
935 1413 1294 1492 principium
1317 1411 1493 1472 venio
1508 1456 1525 1484 ‚
1552 1414 1811 1472 vetulam
1832 1427 2009 1493 atque
2031 1415 2281 1476 virosam

632 1517 894 1573 Uxorem
921 1511 1141 1570 caedam
1167 1511 1366 1589 potius
1384 1552 1403 1581 ‚
1432 1531 1609 1590 quam
1642 1523 1889 1570 castrem
1914 1525 2147 1591 egomet
2171 1532 2285 1572 me.

1507 1611 1536 1665 1
1552 1611 1581 1665 1
1600 1610 1649 1665 1.

631 1710 753 1783 Qui
777 1721 837 1768 te
865 1706 1088 1786 diligit,
1113 1705 1266 1766 aetati
1296 1706 1562 1785 facieque
1588 1720 1705 1766 tuae
1732 1726 1794 1766 se

632 1809 950 1867 Fautorem
979 1805 1276 1878 ostendat,
1306 1804 1432 1864 fore
1462 1805 1721 1863 amicum
1752 1771 2121 1884 polliceatur.

1510 1903 1541 1960 1
1555 1905 1627 1960 V.

625 2001 838 2080 'Aptari
865 2011 1042 2078 caput
1061 2043 1076 2064 ,
1099 2011 1278 2078 atque
1308 2018 1507 2059 comas
1532 1998 1762 2058 fluitare
1788 2017 2073 2077 capr-onas

625 2097 798 2160 ultas
812 2141 830 2170 ‚
857 2098 1152 2157 frontibus
1181 2096 1473 2156 immissas
1488 2141 1507 2170 ‚
1532 2109 1600 2155 ut
1623 2116 1753 2156 mos
1777 2096 1893 2155 fuit
1911 2095 2049 2155 illis.

1535 2197 1609 2252 V.

621 2330 1017 2354 ...........
1047 2295 1359 2352 Servorum
1389 2304 1479 2351 est
1508 2292 1679 2352 festu'
1711 2289 1836 2352 dies
1866 2289 1998 2365 hic,

625 2396 824 2466 Quem
851 2389 1025 2471 plane
1052 2389 1391 2449 hexametro
1410 2410 1584 2449 versu
1609 2410 1733 2449 non
1757 2389 1951 2448 dicere
1976 2390 2185 2468 possis.

1508 2490 1561 2545 V
1577 2490 1624 2547 1.

623 2586 834 2647 Bador
849 2628 866 2657 ‚
896 2583 1196 2644 subvellor
1209 2628 1228 2657 ‚
1253 2584 1609 2664 desquamor
1628 2628 1646 2657 ‚
1675 2585 1948 2665 pumicor
1970 2627 1988 2658 ,
2018 2603 2225 2661 omor,

627 2684 905 2764 Expilor‚
932 2684 1162 2763 pingor.
2674 2720 2676 2782 A

1039 2814 1051 2825 ·
1490 2783 1546 2837 V
1558 2780 1588 2835 Ι
1606 2780 1655 2835 1.

621 2877 932 2939 Hunccine
958 2896 1068 2955 ego
1091 2896 1357 2955 unquam
1377 2874 1711 2955 Hyacintho
1738 2873 2044 2934 hominem
2066 2873 2537 2956 Cortinipotentis

626 2974 873 3034 Deliciis
897 2973 1222 3037 contendi?

1456 3058 1512 3112 V
1524 3055 1553 3109 1
1569 3055 1598 3109 Ι
1618 3056 1667 3111 Ι.

525 3132 532 3139 ’
623 3152 906 3229 Quinque
933 3150 1110 3235 hastae
1128 3196 1144 3223 ,
1175 3151 1418 3211 aureolo
1444 3151 1647 3209 cinctu
1672 3150 1915 3209 rotariu’
1941 3150 2133 3209 velox.
2146 3124 2161 3139 ⁶
2670 3202 2672 3270 ἵ

632 3350 656 3388 1
667 3374 680 3387 .
703 3338 930 3389 Nonius:
952 3338 1168 3387 Samium
1186 3351 1390 3388 acutum
1402 3374 1417 3398 ‚
1437 3356 1535 3387 un·
1615 3354 1785 3398 comae,
1799 3354 1914 3403 quae
1930 3348 2044 3386 ante
2062 3338 2280 3387 frontem
2298 3348 2435 3400 sunt,
2449 3340 2575 3407 quasi

525 3416 620 3471 -de
645 3430 693 3467 et
714 3418 928 3467 samiare
953 3418 1142 3466 dicitur
1157 3435 1335 3467 acuere
1353 3454 1370 3479 ‚
1391 3414 1531 3482 quod
1611 3435 1640 3465 a
1662 3418 1825 3483 capite
1848 3434 2037 3482 pronae.
2668 3458 2670 3514 4

550 3502 611 3551 in
637 3504 780 3550 Samo
801 3498 904 3547 hoc
931 3516 1089 3565 genus
1112 3500 1229 3547 artis
1254 3500 1456 3563 polleat.
1686 3500 1730 3546 5.
1766 3499 2085 3564 Porphyrion
2114 3500 2172 3549 in
2198 3500 2375 3549 Horat.
2404 3512 2497 3550 sat.
2526 3502 2575 3561 5,

629 3600 678 3631 2.
705 3582 932 3630 Nonius:
965 3576 1148 3628 Vimsae
1165 3580 1419 3638 mulieres,
1453 3578 1532 3627 ‹li-
1606 3578 1697 3626 lib.
1718 3582 1773 3626 1:
1804 3581 2134 3643 Equotutium
2157 3580 2419 3645 significat.

549 3674 744 3713 cuntur
767 3663 994 3710 virorum
1021 3672 1326 3725 appetentes.
1682 3662 1731 3707 6.
1758 3661 1987 3719 Nonius,
2010 3664 2344 3725 Desquamat‚
2369 3663 2578 3727 squamIs
2666 3672 2668 3725 !

630 3742 679 3791 3.
707 3745 772 3791 A.
797 3744 989 3791 Gellius
1009 3778 1024 3801 ‚
1049 3740 1138 3788 lib.
1168 3742 1272 3799 IX,
1294 3756 1399 3803 cap.
1437 3748 1529 3796 14.
1610 3741 1868 3805 exspoliat.
1948 3796 1955 3805 ,
2666 3728 2668 3760 ¹

555 3825 620 3871 In
638 3838 757 3870 casu
777 3813 944 3869 autem
964 3821 1140 3878 dandi,
1160 3821 1248 3883 qui
1269 3820 1535 3885 purissime
1688 3836 1734 3883 7.
1764 3822 1997 3871 Nonius·
1984 3859 1996 3871 .
2029 3822 2328 3872 contendere
2346 3824 2585 3888 significat

555 3900 720 3949 locuti
752 3912 870 3947 sunt
888 3936 903 3959 ‚
934 3914 1043 3949 non
1059 3899 1249 3966 faciel,
1288 3900 1366 3949 uti
1393 3918 1534 3949 nunc
1613 3904 2585 3969 comparare.Cortim‘pooenctk,Apollinis.
2664 3912 2666 4004 l

560 3976 744 4028 (licitur
759 4014 774 4039 ,
790 3980 1022 4040 sedfacie
1042 3983 1298 4031 dixerunt.
1488 3995 1492 4000 ·
1687 3986 1736 4032 8.
1774 3985 1972 4035 Nonius
1997 4003 2008 4033 :
2043 3984 2241 4033 florarii
2276 3987 2584 4051 appellantur
2662 4046 2664 4055 Ι

633 4066 682 4115 4.
725 4059 923 4109 Nonius
955 4078 969 4108 τ
1008 4062 1248 4135 (ἔαρι-οπο
1289 4062 1536 4114 dicuntur
1612 4065 1797 4117 milites
1812 4100 1827 4130 ‚
1856 4067 1951 4134 qui
1983 4077 2097 4117 ante
2132 4064 2289 4135 quium
2323 4064 2589 4138 cong'ressae
2660 4064 2665 4253 Ι

2646 4256 2663 4577 J
