2775 4619
574 459 709 529 236
790 422 802 436 ”
972 464 2185 535 α-ιυοιιιῑηΑοΜΕΝ-ΤΑ

1447 593 1509 649 X
1526 592 1572 647 C
1591 593 1623 648 Ι
1642 592 1672 647 Ι
1688 592 1736 647 Ι.

664 724 1117 744 ............
1154 686 1409 747 Mantisa
1433 688 1678 765 opsonia
1696 687 1897 746 vincit.

804 861 809 867 ι
1458 787 1714 843 xclv.

653 878 891 957 Equum
918 880 1171 959 pedibus
1196 881 1534 942 stlembum.

1469 982 1532 1039 Χ
1549 980 1595 1037 C
1608 982 1680 1037 V.

651 1073 873 1135 Vinum
898 1075 1183 1135 crucium.

1455 1174 1518 1230 X
1534 1172 1580 1229 C
1591 1174 1646 1229 V
1659 1173 1709 1229 Ι.

648 1267 770 1342 Qui
794 1268 1101 1328 schedium
1126 1268 1267 1327 facit
1292 1268 1666 1328 inconditum
1693 1279 1754 1327 et
1777 1266 2225 1337 inelaboratum.

1435 1368 1498 1424 X
1514 1366 1560 1423 C
1574 1368 1629 1423 V
1640 1368 1672 1423 I
1687 1367 1736 1423 Ι.

652 1464 829 1523 Terra
852 1462 999 1521 abiit
1024 1463 1088 1523 in
1113 1462 1352 1522 nimbos
1366 1506 1386 1535 ‚
1415 1462 1774 1541 imbresque.

1401 1562 1464 1617 X
1479 1563 1526 1618 C
1539 1563 1593 1618 V
1605 1563 1635 1616 1
1653 1563 1682 1617 1
1699 1562 1745 1616 Ι.

664 1699 1117 1715 ............
1150 1656 1422 1717 Caecilius
1446 1660 1664 1720 Praetor
1687 1675 1764 1715 ne
1789 1656 2031 1715 rustien’
2055 1656 2179 1715 fias.

1339 1794 1345 1800 -
1447 1756 1509 1811 X
1526 1756 1572 1811 C
1587 1757 1616 1810 I
1634 1757 1712 1812 X.

648 1852 803 1931 Ergo
824 1856 1149 1911 Praetorum
1180 1863 1269 1909 est
1290 1862 1427 1909 ante
1453 1851 1678 1929 praeire.

1551 1950 1617 2006 C.

658 2086 1031 2103 ..........
1064 2049 1369 2119 Quantum
1396 2044 1697 2104 hinnitum
1721 2055 1902 2123 atque
1927 2042 2274 2125 equitatum.

1527 2145 1574 2200 C
1591 2144 1639 2199 1.

663 2280 1555 2297 .......................
1589 2238 1933 2313 Quadranti’
1957 2238 2132 2298 ratiti.

1503 2340 1550 2395 C
1567 2341 1596 2395 1
1613 2339 1660 2394 1.

648 2435 913 2494 Persium
938 2453 1061 2493 non
1085 2453 1231 2494 curo
1258 2434 1452 2513 legere
1474 2432 1600 2492 haec
1611 2455 1630 2506 3
1653 2434 1902 2494 Laelinm
1926 2433 2239 2496 Decimum
2259 2431 2419 2493 volo.

1483 2533 1530 2588 C
1548 2533 1577 2588 1
1595 2533 1624 2588 1
1641 2535 1687 2588 Ι.

642 2630 991 2708 Priusquam
1016 2628 1315 2708 Theognis
1338 2641 1695 2688 nasceretur.

1491 2729 1538 2784 C
1555 2730 1584 2783 1
1596 2731 1670 2785 V.

641 2824 939 2885 Laetentia
965 2822 1162 2883 coacla
1192 2843 1333 2882 cum
1366 2823 1546 2882 melle
1573 2821 1719 2882 bibi.

641 3002 795 3061 Huic
824 3001 1111 3062 Terentiae
1138 2999 1402 3060 Orbiliae.
1510 2923 1643 2978 cv·

634 3189 721 3252 93.
747 3193 920 3238 Festus
944 3205 957 3235 x
987 3187 1204 3236 Mami-m
1235 3163 1544 3237 idditamen-
1691 3203 1777 3252 99.
1800 3191 1994 3248 Varro,
2013 3188 2076 3238 de
2101 3187 2241 3256 Ling.
2266 3191 2374 3239 Lat.
2392 3190 2485 3240 lib.
2505 3195 2604 3241 tv.

564 3280 672 3317 tum
685 3269 873 3316 dieitur
882 3265 1054 3333 lingui
1066 3266 1253 3326 Tuscis,
1266 3267 1407 3332 quod
1417 3283 1546 3331 pon·
1697 3285 1808 3317 100.
1828 3271 2016 3328 Varro,
2035 3269 2098 3316 de
2119 3270 2259 3334 Ling-
2279 3272 2382 3318 Lat.
2399 3271 2491 3318 lib.
2508 3275 2602 3320 vl.

562 3351 669 3400 deri
687 3351 937 3416 adjicitur.
1697 3365 1790 3396 101
1801 3383 1814 3396 .
1832 3351 1995 3398 Varro
2007 3383 2022 3409 ,
2039 3349 2103 3398 de
2120 3351 2262 3415 Ling.
2275 3349 2386 3400 Lat.
2401 3351 2492 3399 lib.
2505 3355 2602 3400 IV.

634 3439 719 3494 9⁴·
738 3427 871 3479 Fest.
892 3430 1143 3487 Selembus,
1156 3431 1337 3497 gravis,
1350 3428 1538 3478 tal-dun.
1619 3428 1820 3493 Opilius
1829 3429 2071 3478 Aurelius
2079 3431 2450 3496 dictumputat‚
2461 3433 2608 3497 qubd

630 3513 715 3574 95.
738 3510 963 3559 Crucium
973 3545 991 3569 ‚
1013 3512 1193 3560 vinnm
1214 3512 1436 3558 insuave.
1619 3509 1677 3556 in
1689 3510 1965 3574 quadrante
1984 3521 2034 3560 et
2047 3512 2104 3560 in
2121 3511 2304 3559 triente
2317 3511 2440 3560 ratis
2450 3512 2612 3561 fuerit

632 3594 717 3656 96.
746 3597 917 3641 Festus
938 3610 951 3640 ε
980 3590 1190 3640 Schedia
1203 3625 1222 3649 ‚
1248 3607 1410 3656 genus
1445 3607 1541 3638 na·
1619 3588 1813 3654 effigies
1829 3624 1848 3651 ‚
1869 3601 1928 3638 nt
1945 3591 2088 3639 navit
2107 3593 2164 3640 in
2183 3607 2299 3640 asse.

559 3674 681 3738 vigii
698 3673 953 3722 inconditi
966 3707 981 3732 ,
999 3671 1233 3720 trabibus
1249 3682 1446 3720 tantum
1463 3671 1542 3717 in·
1697 3687 1811 3719 102.
1835 3672 2014 3720 Cicero
2027 3706 2043 3732 ‚
2063 3672 2126 3720 de
2153 3675 2364 3721 Oratore
2377 3704 2392 3730 ,
2411 3671 2504 3720 lib.
2521 3673 2574 3720 11
2585 3707 2606 3732 ‚

560 3763 637 3801 ter
670 3770 723 3801 ee
754 3753 999 3801 connexis
1034 3751 1153 3800 facti
1174 3784 1191 3809 ,
1224 3766 1329 3814 quo
1361 3751 1540 3798 merci·
1695 3753 1813 3801 103.
1841 3752 1904 3799 A.
1933 3753 2127 3800 Gellius
2141 3787 2156 3811 ‚
2179 3752 2268 3800 lib.
2285 3755 2309 3798 1
2324 3786 2338 3809 ,
2361 3767 2471 3815 cap.
2498 3753 2547 3799 3.

557 3835 732 3881 monia
766 3833 1129 3882 circumferunt
1162 3841 1283 3896 poet
1314 3830 1542 3879 amissam
1695 3840 1810 3888 104.
1839 3831 2032 3880 coacla.
2059 3836 2208 3880 Forte
2223 3865 2238 3890 ‚
2271 3833 2373 3880 coa
2401 3832 2550 3878 clam.

556 3929 752 3964 navem.
1694 3911 1807 3958 105.
1827 3911 2108 3959 Martianus
2130 3911 2330 3976 Capella
2346 3944 2362 3969 ,
2381 3909 2473 3958 lib.
2492 3913 2570 3958 ΠΙ
2585 3926 2602 3957 z

632 4007 715 4054 97.
740 3996 902 4042 Varro
916 4027 933 4052 ,
958 3993 1020 4042 de
1040 3993 1183 4058 Ling.
1211 3994 1315 4042 ut.
1336 3992 1427 4042 lib.
1448 3995 1536 4040 IV.
1617 3991 1844 4042 Lucilius
1862 3991 1933 4044 jn
1967 3991 2141 4044 dativo
2175 4007 2212 4041 a
2247 4000 2298 4040 et
2329 4005 2358 4038 e
2384 3989 2608 4056 conjun-

628 4075 713 4134 98.
738 4075 932 4147 Vari-03
954 4074 1017 4124 de
1040 4075 1188 4144 Ling.
1208 4076 1319 4124 Lat.
1338 4073 1427 4122 lib.
1449 4075 1536 4122 vl.
1619 4070 1704 4144 git.
1769 4119 1774 4124 .
