2775 4619
509 478 521 484 ,
889 362 1285 468 sATiRA
1355 402 1553 468 VL·

234 530 448 592 Costa
483 527 639 590 ratis
674 527 916 590 lacer'ae.
961 527 1156 592 Nunc
1193 543 1259 594 et
1295 489 1378 592 de
1412 526 1651 616 cespite
1683 528 1833 592 vivo

233 645 512 732 Frange
532 641 820 730 aliquid3
847 642 1080 731 largire
1106 642 1327 732 inopi,
1354 665 1439 706 ne
1466 643 1676 730 pictus
1694 641 1961 718 oberret

229 757 538 822 Caerulea
563 758 634 820 in
658 757 900 822 tabula.
935 755 1061 822 Sed
1093 779 1344 822 coenam
1372 757 1621 823 funeris
1656 759 1841 824 heres

233 875 306 939 N
307 873 593 963 egliget‚
619 874 822 938 iratus
859 873 1042 961 quod
1071 896 1210 939 rem
1248 875 1632 956 curtaveris3
1660 897 1845 938 urnae

235 990 418 1053 Ossa
452 988 729 1053 inodora
762 987 976 1070 dabit,
1002 1011 1115 1053 seu
1145 989 1394 1078 spirent
1421 988 1722 1054 cinnama
1748 988 2060 1072 surdum,
2142 999 2213 1054 35

236 1104 381 1170 Seu
419 1127 637 1170 ceraso
673 1121 942 1194 peccent
967 1106 1152 1170 casiae
1173 1153 1190 1187 ,
1229 1105 1481 1186 nescire
1510 1121 1793 1194 paratus„

221 1291 254 1342 3
267 1310 289 1344 1
303 1329 317 1343 .
351 1294 501 1342 Costa
523 1293 687 1359 meix]
715 1290 822 1343 Pro
843 1291 1004 1362 lignis
1025 1291 1151 1362 qui·
1231 1291 1504 1344 funebres.
1522 1290 1693 1343 Porro
1712 1290 1944 1345 ridicula
1960 1293 2085 1347 satis
2098 1307 2211 1348 erat

149 1373 255 1424 bus
299 1373 458 1426 navis
499 1372 664 1424 latera
705 1371 1050 1424 intexuntur.
1079 1403 1154 1412 —
1232 1369 1596 1441 quorumdam
1632 1371 1891 1435 ambiti0‚
1924 1374 2055 1444 qui,
2082 1393 2210 1427 cum

151 1455 300 1503 Nunc
327 1468 384 1503 et
409 1456 473 1504 de
499 1455 677 1519 cespite
701 1455 830 1502 vivo.
855 1451 1008 1516 Quid
1033 1471 1149 1504 mo-

152 1533 286 1586 raris
302 1571 320 1598 ,
346 1534 537 1606 inquit
570 1539 734 1605 poeta
750 1570 769 1599 ,
796 1534 972 1586 amico
1007 1533 1146 1586 inse-

150 1614 241 1666 lici
261 1613 437 1666 debes
458 1614 717 1685 opitulari
737 1651 756 1678 ‚
777 1633 890 1666 non
917 1613 988 1666 de
1017 1632 1147 1686 pro-

151 1707 330 1748 ventu
367 1714 558 1748 annuo
597 1695 810 1761 solum;
847 1693 942 1747 sed
984 1708 1038 1748 et
1078 1694 1147 1748 de

155 1774 285 1843 ipsis
323 1773 820 1842 fundis—Cespite
857 1778 988 1826 vivo.
1029 1775 1146 1828 Hoc

156 1869 266 1919 est,
303 1855 378 1908 de
405 1870 591 1927 segete
629 1857 777 1928 ipsa,
807 1875 929 1929 quae
965 1855 1144 1910 adhuc

159 1933 214 1993 in
241 1935 416 1988 herba
455 1949 557 1989 est.
574 1940 834 2004 —Gespes.
875 1937 970 1990 Est
1003 1948 1142 1990 terra

159 2033 283 2067 cum
307 2017 577 2088 gramine.
610 2018 672 2070 P.

229 2095 444 2158 32.‚Ne
470 2101 633 2164 pictus
667 2101 892 2158 oberret,
919 2102 1030 2166 eea]
1059 2098 1142 2152 Ne

161 2189 384 2246 cogatur
418 2175 780 2230 mendicando
801 2177 1011 2230 vietum
1037 2178 1142 2230 sibi

161 2273 403 2325 quaerere
421 2293 440 2322 ,
468 2256 555 2309 sui
585 2257 854 2327 naufragii
879 2257 1141 2313 exhibens

162 2335 475 2408 imaginem,
487 2357 554 2391 ex
566 2354 719 2393 more
731 2340 1138 2410 naufragorum.

161 2413 284 2467 Vid.
302 2436 430 2489 sup.
463 2431 556 2471 sat.
577 2420 633 2483 1,
656 2438 711 2471 v.
735 2438 804 2489 9⁰
819 2458 835 2485 ‚
860 2432 914 2471 et
939 2422 1138 2475 Juven-

163 2505 256 2546 sat.
279 2497 446 2562 XIV,
465 2518 520 2553 v.
545 2499 668 2551 301.

231 2576 315 2630 33.
358 2583 582 2631 Coerulea
611 2584 662 2631 in
699 2583 902 2653 cabula]
933 2580 1142 2635 Tabula

165 2654 362 2715 dicitur
389 2665 604 2713 caerulea
618 2700 634 2721 ,
655 2673 884 2733 propter
903 2663 1140 2715 colorem

168 2738 318 2791 maris
333 2741 489 2811 quod
508 2742 748 2795 exhibet.
763 2770 832 2783 --·
843 2746 940 2793 Sed
949 2762 1140 2794 coenam

153 2816 344 2877 fimet-is
391 2824 530 2872 heres
545 2859 564 2882 ‚
599 2837 692 2874 ecc.
734 2822 932 2895 Tangit
975 2824 1140 2878 simul

167 2901 530 2965 quorumdam
583 2922 868 2956 avarorum
917 2903 1143 2957 demen-

168 2974 320 3043 tiam,
348 2982 450 3051 qui
469 3018 486 3047 ,
517 2982 592 3034 ait
629 2982 816 3036 Senec.
853 2997 916 3036 ut
950 2982 1141 3037 heredi

167 3070 257 3107 ⁵110
291 3076 630 3129 procurent,
655 3063 758 3115 sibi
791 3078 990 3136 negant
1023 3085 1141 3118 om·-

167 3134 278 3203 nia;
295 3155 350 3194 et
365 3142 684 3197 aviditatem
697 3144 1143 3216 heredipetarum

165 3213 316 3270 bonis
326 3221 526 3275 futuris
536 3224 883 3287 inhiantium,
895 3227 1142 3298 qui,cum
1189 3278 1193 3284 ,

169 3312 279 3349 suas
305 3320 430 3373 spes
462 3303 670 3359 delusas
692 3306 916 3371 vident,
939 3308 1135 3361 funera

167 3378 460 3439 amicorum
486 3385 786 3457 negligunt.
818 3376 1136 3459 Respondet

169 3452 328 3524 igitur
347 3482 573 3517 avarus:
595 3479 650 3518 at
677 3467 858 3531 enim,
881 3468 925 3519 si
951 3468 1024 3520 ita
1040 3486 1135 3539 pa-

171 3536 481 3599 trimonium
513 3547 809 3613 effuderis,
842 3549 1014 3601 iratus
1044 3550 1138 3602 he·

170 3629 248 3665 res
260 3620 396 3680 ‚⁶01³
381 3624 730 3679 imminutam
747 3625 1134 3692 hereditatem,

173 3706 382 3751 mortuo
412 3702 511 3755 tibi
526 3706 672 3774 justa
689 3726 802 3758 non
830 3706 1134 3777 persolvet,

173 3785 410 3847 sumptus
445 3784 661 3837 omittet
685 3822 703 3850 ,
750 3798 806 3839 et
844 3800 1134 3857 apparatus

1228 1449 1520 1524 ingloriose
1543 1452 1832 1518 vixissent,
1861 1455 2211 1526 magnificum

1226 1532 1332 1590 sibi
1353 1533 1521 1585 funus
1542 1532 1672 1586 duci
1698 1546 1754 1586 et
1781 1535 1991 1605 parari,
2019 1535 2211 1608 impri-

1227 1614 1329 1666 mis
1347 1601 1536 1667 ferales
1556 1615 1741 1686 epulas
1760 1629 1814 1668 et
1832 1615 2180 1670 novendiales
2192 1655 2212 1683 ,

1225 1693 1425 1747 instrui
1446 1709 1821 1766 cuperentn—

1226 1777 1310 1826 ris.
1353 1775 1701 1840 silicernium
1746 1776 2002 1847 intelligit
2024 1813 2042 1840 ,
2086 1797 2210 1849 quae

1221 1875 1374 1908 coena
1434 1857 1493 1908 in
1550 1869 1896 1910 mortuorum
1953 1859 2207 1920 solatium

1221 1935 1338 1988 Diis
1357 1935 1613 1988 Manibus
1632 1937 1971 1990 inferebatur
1987 1977 2003 2002 ,
2026 1949 2079 1990 et
2098 1957 2229 2002 una⁴

1222 2035 1350 2068 cum
1375 2017 1569 2070 funere
1594 2018 1933 2069 cremabatur
1953 2038 1970 2084 3
1995 2019 2081 2070 vel
2105 2038 2207 2089 po·
2234 2078 2247 2092 ,

1222 2097 1333 2148 tius
1354 2097 1542 2168 epulas
1562 2097 1913 2151 novendiales
1931 2136 1948 2164 ,
1969 2101 2209 2150 circum·

1221 2178 1528 2250 potationes
1565 2215 1581 2242 ‚
1638 2175 1936 2250 περίδειπνα
1987 2179 2157 2234 dictas
2183 2215 2203 2238 ,

1223 2277 1340 2329 quae
1385 2257 1569 2312 amicis
1615 2269 1670 2311 et
1712 2259 2041 2332 propinquis
2079 2272 2206 2332 post

1219 2340 1473 2413 exequias
1526 2340 1798 2394 dabantur
1824 2378 1843 2403 ,
1886 2342 1947 2393 in
2004 2343 2209 2412 quibus

1221 2421 1428 2471 mortui
1463 2420 1651 2473 laudes
1688 2420 1907 2473 recitari
1938 2433 2053 2473 erat
2088 2440 2205 2473 mo·

1219 2498 1312 2551 ris.
1345 2500 1406 2551 P.
1437 2513 1492 2552 et
1517 2502 1580 2552 A.

1293 2579 1381 2641 34.
1414 2584 1561 2646 Quod
1575 2600 1677 2631 rem
1700 2581 2002 2651 curtaveris]
2034 2580 2203 2645 Qubd

1222 2672 1437 2715 tantum
1464 2660 1533 2715 de
1561 2662 1785 2733 speratis
1812 2660 1973 2713 bonis
1998 2660 2207 2714 detrae-

1221 2756 1344 2796 tum
1371 2743 1538 2795 sit.—-
1556 2748 1703 2797 Urnoe
1732 2762 1839 2793 ossa
1874 2745 2082 2794 inodora
2113 2746 2206 2793 da-

1222 2826 1307 2874 bit.
1349 2822 1575 2877 Cineres
1610 2822 2006 2875 defunctorum
2050 2840 2205 2875 urnae

1220 2903 1526 2969 immissos,
1568 2904 1626 2955 in
1674 2894 1965 2975 sepulchro
2012 2901 2205 2955 solitos

1220 2982 1413 3047 condi,
1438 2983 1648 3036 nemini
1683 2999 1797 3035 non
1830 2994 2200 3055 compertum.

1219 3094 1291 3103 —-
1309 3069 1427 3115 Ossa
1447 3066 1671 3115 inodora.
1696 3063 1825 3157 Sine
1851 3063 1975 3115 ullis
1994 3082 2205 3116 aroma·

1222 3145 1389 3196 tibus.
1414 3145 1475 3196 A.

1295 3222 1383 3275 35.
1406 3228 1499 3273 Seu
1514 3222 1700 3291 spirent
1714 3224 1947 3272 cinnasna
1966 3223 2205 3289 surdum]

1210 3301 1370 3355 Ordo
1410 3315 1526 3355 est:
1574 3302 1745 3355 iratus
1772 3302 1929 3355 heres
1948 3340 1964 3366 ‚
1994 3316 2206 3369 paratus

1214 3387 1398 3435 nescire
1411 3420 1427 3445 ,
1454 3382 1513 3436 id
1534 3395 1612 3437 est
1630 3420 1647 3448 ,
1668 3396 1865 3455 parum
1886 3402 2110 3448 curans,
2133 3402 2203 3436 an

1215 3463 1491 3529 cinnama,
1513 3467 1935 3517 etc.—Cinnama
1957 3474 2011 3514 et
2039 3464 2205 3513 casia».

1217 3542 1649 3619 synecdochice,
1667 3562 1771 3615 pro
1791 3542 1942 3594 omni
1960 3553 2201 3594 aromate

1214 3637 1523 3695 ponuntur.
1535 3628 1869 3692 ——Spirentn
1892 3659 1905 3673 .
1927 3659 1942 3673 .
1972 3625 2201 3672 sur-'dum

1215 3704 1461 3759 Odorem
1482 3707 1779 3770 obtusum,
1807 3702 2200 3755 insensibilem..

1288 3786 1378 3841 36.
1398 3794 1490 3839 Seu
1502 3807 1671 3839 ceraso
1673 3798 1882 3853 peccent
1893 3784 2052 3838 casice.
2055 3786 2075 3850 ]
2089 3783 2196 3835 Vel

238 3944 301 3994 V
331 3949 411 3998 31.
435 3952 588 4003 Ratis.
611 3954 758 4003 Navis
776 3973 872 4021 pro
896 3956 1016 4004 ratis
1033 3956 1184 4005 habet
1209 3957 1324 4006 cod.
1347 3957 1543 4006 Thuan
1562 3955 1695 4005 Male
1710 3989 1725 4015 ,
1744 3962 1952 4019 propter
1970 3963 2196 4001 metrum.

237 4032 650 4091 V.32.N0.1ta
684 4058 858 4094 omnes
901 4044 1080 4110 optimi
1121 4044 1269 4095 codd.
1304 4043 1553 4098 Nonnulli
1593 4060 1699 4093 nec.
1732 4044 1855 4093 Tres
1888 4041 1971 4090 alii
1988 4075 2002 4104 ,
2032 4056 2197 4095 nunct-

181 4110 291 4159 male
305 4149 318 4175 ,
339 4121 550 4187 propter
577 4138 794 4173 sensum.

1748 1699 2035 1747 ——Coenam
2050 1697 2209 1763 fune»-
2276 1747 2282 1755 x
