2775 4619
716 374 792 414 “
851 380 1248 447 SATIRA
1309 378 1389 444 V.

2020 398 2133 442 121

193 506 562 573 ostendisse
584 509 804 595 juvat:
834 506 1017 595 pulsa
1034 554 1052 586 ‚
1082 505 1461 595 dignoscere
1490 516 1715 569 cautus
1771 512 1779 522 “

193 623 372 705 Quid
397 622 922 709 solidumcrepet
937 670 954 702 ,
981 636 1048 685 et
1075 619 1262 708 pictae
1287 618 1559 683 tectoria
1582 617 1839 706 linguae.

2076 620 2141 677 25

193 739 312 803 His
339 760 464 829 ego
489 754 790 823 centenas
819 738 1026 801 ausim
1058 735 1409 824 deposcere
1437 756 1623 798 voces
1642 782 1676 820 ,Ι

192 852 282 915 Ut
307 868 630 939 quantum
661 852 825 915 mihi
851 867 914 915 te
941 851 1208 915 sinuoso
1235 850 1304 913 in
1331 846 1737 941 pectoretfixi

189 965 372 1031 Voce
399 966 648 1031 traham
676 958 878 1054 pura'3
896 981 1239 1054 totumque
1264 964 1391 1029 hoc
1416 962 1613 1027 verba
1639 963 1969 1053 resignent

191 1081 396 1167 Quod
420 1082 572 1145 latet
599 1082 836 1145 arcana
867 1093 1002 1146 non
1031 1079 1397 1145 enarrabile
1425 1078 1607 1143 fibra.

112 1266 269 1318 sessor
297 1286 368 1319 eo
396 1278 644 1337 tempore
671 1264 1085 1330 celeberrimae,

114 1348 200 1417 qui
229 1366 256 1399 a
285 1347 508 1398 Nerone
537 1346 732 1398 missus
763 1346 820 1397 in
857 1346 1087 1398 exilium

112 1440 185 1480 est
202 1467 217 1493 ,
241 1446 312 1479 eo
342 1426 492 1497 qued
519 1428 718 1497 scripta
754 1429 870 1498 ejus
901 1443 1086 1495 repre-

111 1507 417 1573 hendisset3
440 1509 579 1560 forte
599 1508 760 1559 etiam
785 1503 937 1577 quod
956 1506 1087 1557 Per-

109 1588 169 1637 sii
181 1587 395 1639 amicus
415 1598 469 1639 et
487 1587 734 1657 magister
757 1586 940 1637 fnisset
955 1623 970 1649 ,
989 1602 1087 1637 cu-

106 1666 190 1733 jus
215 1661 494 1717 demortui
516 1666 626 1734 jam
651 1662 852 1733 scripta
876 1681 918 1735 a.
929 1663 1088 1713 Basso

109 1744 406 1812 publicata,
420 1743 652 1795 Neronis
661 1741 941 1797 infamiam
953 1742 1090 1794 mul·

111 1824 174 1875 tis
196 1824 256 1878 in
283 1824 424 1875 locis
447 1821 779 1875 detexerant.
809 1826 874 1875 A.

181 1912 267 1966 ²15·
291 1903 478 1973 Pulsa-J
509 1910 690 1976 Κροῢε,
707 1905 793 1959 vel
807 1906 1084 1975 περίκρουε,

109 1982 278 2056 digito
303 1996 529 2055 percute
545 2022 562 2048 ‚
585 1994 639 2035 et
670 1983 892 2054 explora
916 2002 1091 2035 meam

107 2080 367 2119 mentem.
418 2065 532 2129 Qui
567 2084 688 2120 vasa
731 2064 914 2117 fictilia
950 2082 1089 2115 num

105 2146 209 2199 sint
235 2144 414 2199 solida
448 2158 504 2199 et
535 2147 745 2217 integra
775 2145 968 2198 volunt
1000 2164 1090 2197 ex·

104 2228 303 2297 periri,
325 2246 386 2281 ea
405 2226 577 2299 digito
587 2230 1088 2295 pulsaue—cautus.

106 2309 314 2362 Doctus
333 2307 673 2380 dignoscere.
691 2307 999 2360 Hellenism.
1019 2306 1084 2360 C.

176 2391 265 2444 25.
295 2393 434 2455 Quid
445 2393 648 2441 solidum
667 2394 862 2458 «et-epea]
879 2389 1089 2441 Discer-

103 2470 194 2522 nis
221 2471 374 2523 enim
413 2470 552 2542 quid
574 2489 800 2533 verum,
826 2467 966 2541 quid
995 2468 1091 2520 fic-

105 2563 225 2602 tum
265 2563 323 2604 et
359 2551 697 2604 simulatum.
737 2550 859 2602 Jam
903 2547 1092 2602 eadem

105 2651 236 2684 usus
291 2644 411 2683 erat
465 2631 777 2702 metaphora
827 2630 1040 2682 Persius
1073 2667 1091 2695 ‚

103 2725 204 2764 sat.
253 2713 346 2764 ΙΙΙ
371 2749 390 2775 ,
428 2712 766 2776 v.21.1bi,
799 2731 912 2765 vas
905 2711 1094 2764 fictile

101 2809 434 2862 percussum
471 2789 677 2845 indicat
704 2792 900 2846 vitium
931 2810 1092 2844 suum

103 2877 326 2942 maligne
364 2876 746 2940 respondendo;
781 2873 888 2925 hoc
927 2873 1049 2925 loco
1073 2910 1090 2936 ,

100 2955 177 3006 ait
216 2955 498 3055 integrum
530 2973 622 3009 vas
658 2952 902 3025 dignosci
945 2956 1096 3005 solide

98 3033 458 3112 crepando·
424 3066 496 3076 -
512 3039 738 3103 Εἰμὶ-τω
760 3039 964 3086 tectoria
996 3037 1093 3086 lin-

95 3135 236 3182 guae.
275 3111 585 3168 Incrustata
616 3133 754 3172 auro
787 3127 841 3168 et
870 3128 1093 3186 argento

99 3209 286 3249 statua
322 3194 562 3267 lapidem
595 3195 774 3248 celat.
809 3195 884 3248 sic
915 3207 968 3248 et
1001 3213 1094 3248 ur-

99 3277 322 3329 banitas
355 3276 620 3328 sermonis
651 3288 708 3330 et
739 3274 910 3328 oratio
939 3276 1124 3330 obse-

1167 1262 1286 1334 quii
1323 1264 1485 1334 plena
1529 1262 1663 1333 tegit
1704 1281 1841 1333 saepe
1884 1262 2147 1318 invidiam
2210 1272 2213 1275 ’

1166 1357 1221 1397 et
1247 1341 1440 1395 odium
1468 1344 1650 1395 animo
1682 1343 2049 1396 reconditum.
2077 1346 2141 1397 P.

1240 1429 1326 1477 26.
1371 1428 1457 1475 His
1488 1444 1573 1493 ego
1605 1440 1861 1487 centenas,
1894 1430 2023 1493 eea]
2064 1428 2147 1477 Ad

1166 1507 1270 1560 hoc
1289 1544 1306 1570 ,
1329 1508 1444 1559 scil.
1468 1506 1537 1558 ad
1560 1506 1943 1559 declarandum
1964 1527 2147 1559 meum

1167 1588 1225 1639 in
1250 1600 1304 1639 te
1333 1587 1605 1650 animum,
1638 1588 1772 1639 mihi
1804 1598 2026 1639 centum
2048 1605 2148 1640 vo-

1170 1684 1256 1717 ces
1279 1665 1481 1736 optavi.
1501 1665 1571 1715 Et
1596 1663 1731 1717 adeo
1752 1682 1863 1717 non
1882 1684 1968 1716 me
1985 1666 2149 1736 hujus

1167 1746 1286 1801 voti
1329 1745 1555 1815 poenitet
1582 1784 1597 1809 ‚
1640 1757 1703 1797 ut
1747 1759 1937 1797 contra
1976 1746 2149 1798 ausim

1167 1817 1328 1879 etiam
1352 1845 1505 1878 nunc
1533 1824 1719 1879 eadem
1747 1824 2059 1897 deposcere.
2082 1826 2145 1877 P.

1241 1926 1327 1977 27.
1356 1907 1516 1975 Fari]
1556 1906 1840 1968 Firmiter,
1862 1924 2148 1976 nunquam

1167 1986 1298 2039 inde
1312 1985 1641 2038 movendum
1660 1986 1910 2057 reposui,
1930 1986 2152 2038 inserui.

1169 2070 1450 2117 -Sinuoso
1482 2069 1532 2117 in
1556 2078 1767 2133 peecare.
1795 2068 1860 2116 In
1893 2066 2150 2117 omnibus

1168 2146 1327 2199 etiam
1349 2145 1557 2197 intimis
1577 2146 1743 2197 animi
1762 2144 2071 2198 recessibus.
2085 2146 2149 2198 P.

1243 2228 1328 2280 28.
1366 2232 1493 2277 Voce
1526 2229 1720 2278 traham
1741 2227 1911 2297 pur-li]
1952 2228 2018 2278 In
2046 2245 2153 2298 pu—

1165 2311 1373 2362 blicum
1408 2308 1684 2380 proferam
1707 2346 1723 2373 ,
1757 2320 1811 2359 et
1857 2309 2037 2379 palam
2079 2308 2153 2360 fa-

1171 2391 1328 2443 ciam.
1345 2421 1417 2430 ——
1434 2391 1676 2450 nabere,
1698 2387 1810 2460 ⁴pro
1848 2389 2027 2442 dicere
2043 2428 2060 2455 ,
2090 2403 2155 2442 ut

1171 2475 1292 2522 dare
1311 2489 1469 2542 saepe:
1486 2485 1767 2542 sumptum
1782 2482 1963 2523 autem
1977 2490 2005 2523 a
2022 2490 2156 2523 nen-

1173 2553 1340 2604 tibus.
1359 2558 1713 2619 -Tocumque
1752 2554 1843 2602 hoc
1876 2555 2039 2603 verba
2076 2572 2154 2601 re-

1169 2636 1372 2701 signent.
1392 2633 1655 2704 Aperiant
1672 2670 1687 2696 ‚
1712 2633 1971 2686 revelent.
1988 2630 2154 2683 Unde

1175 2713 1366 2766 dicunt
1394 2710 1573 2766 Latini
1600 2713 1799 2764 litteras
1827 2712 2113 2782 resignatas
2138 2749 2157 2776 ,

1172 2793 1230 2846 id
1251 2807 1362 2858 est,
1389 2807 1617 2865 apertas.
1650 2794 1712 2845 L.

1245 2893 1331 2944 29.
1371 2875 1620 2925 Arcam‘z'..
1636 2875 1857 2945 ..fibrc't'.
1869 2877 1887 2942 ]
1929 2875 2153 2926 Pectore

1172 2954 1389 3008 intimo.
1420 2955 1638 3022 Fibram
1660 2968 1843 3007 autem
1864 2973 1967 3026 pro
1988 2953 2155 3008 corde
2206 2973 2209 2980 ’

1175 3035 1403 3107 positam
1434 3017 1705 3098 vidimus,
1740 3047 1838 3086 sat.
1874 3036 1935 3099 Ι,
1964 3055 2021 3087 v.
2064 3043 2153 3106 47.

1173 3147 1244 3156 —
1271 3118 1383 3166 Non
1438 3118 1733 3166 enarrabile.
1776 3116 1985 3186 Nempe
2036 3120 2157 3168 mea

1129 3197 1356 3268 lingua
1371 3234 1389 3260 ‚
1413 3194 1649 3267 ideoque
1677 3195 1746 3248 ad
1770 3197 1877 3248 hoc
1904 3215 2159 3249 enarran-

1175 3275 1310 3328 dum
1326 3313 1343 3341 ,
1367 3290 1561 3328 centum
1594 3278 1751 3328 ausim
1779 3279 2033 3344 deposcere
2060 3296 2159 3327 ‘vo-

173 3443 244 3488 Ὗ.
280 3438 364 3486 25.
397 3437 632 3486 Teceoria.
658 3437 816 3488 Codd.
842 3439 1048 3486 Putean.
1075 3435 1275 3486 Pithoei
1299 3439 1324 3484 1
1341 3471 1354 3495 ‚
1380 3433 1444 3484 n⁰
1474 3437 1610 3494 8246
1626 3469 1641 3496 ‚
1670 3437 1887 3488 Colbert.
1924 3438 1973 3485 11
1990 3472 2005 3497 ,
2033 3439 2155 3486 Col-

95 3520 234 3568 bert.
257 3521 334 3570 111
347 3553 363 3577 ,
390 3517 609 3568 Colbert.
629 3521 694 3576 V,
714 3519 1098 3576 Μεῐιῐεῌίαιωε,
1122 3529 1172 3565 et
1190 3527 1287 3565 tres
1307 3518 1393 3565 alii
1405 3518 1649 3581 plectoria
1662 3536 1686 3574 ,·
1714 3529 1775 3565 ut
1794 3519 1859 3568 sit
1876 3534 1978 3565 vox
1995 3515 2157 3564 efficta

95 3616 124 3646 a
149 3599 356 3662 plecta,
378 3597 597 3662 ligamen
622 3597 897 3646 vimineum
911 3631 926 3656 ,
947 3596 1174 3662 adjectiv.
1194 3595 1438 3659 plectilis,
1462 3596 1679 3646 verbum
1692 3593 1861 3660 plecto
1875 3630 1893 3653 ,
1916 3595 2155 3658 implico;

93 3691 155 3727 ut
185 3679 533 3743 metaphorice
553 3678 882 3743 designentur
904 3674 1272 3740 implicationes
1289 3687 1340 3724 et
1356 3676 1725 3736 incantationes
1742 3676 1929 3739 linguae
1947 3675 2157 3722 fucatae:
2203 3709 2207 3722 .

95 3771 150 3808 at
185 3761 283 3806 ista
319 3756 672 3822 interpretatio
702 3757 854 3804 nimis
893 3753 1122 3805 contorta
1151 3754 1367 3803 videtur.
1389 3745 1585 3818 Qum-J,
1604 3754 1951 3820 reponendum
1980 3768 2158 3802 censeo

95 3841 328 3890 tectoria.
349 3840 474 3890 Cod.
497 3837 696 3889 Pithoei
719 3841 768 3885 11
783 3871 798 3896 ‚
819 3833 880 3886 n⁰
905 3837 1039 3899 8072
1057 3869 1074 3896 ‚
1084 3835 1316 3906 pictoria.

175 3941 245 3986 V.
273 3939 357 3986 26.
386 3937 488 3986 His.
517 3935 642 3986 Cod.
673 3934 891 3984 Colbert.
921 3936 999 3993 11,
1023 3945 1119 3982 tres
1144 3933 1228 3982 alii
1247 3945 1298 3982 et
1323 3944 1528 3993 noster,
1552 3933 1644 3982 hic.
1672 3933 1830 3986 Codd.
1864 3932 2081 3985 Colbert·
2102 3937 2152 3994 1,

93 4009 308 4060 Pithoei
325 4013 378 4071 1,
401 4010 510 4070 duo
530 4007 619 4056 alii
638 4016 690 4056 et
715 4004 1266 4059 ed.vet.lcinc.Caete1-i
1289 4021 1495 4066 omnes,
1513 3969 1606 4054 ’hin
