2775 4619
941 399 1333 466 SATIRA
1394 402 1505 466 11.

2152 375 2241 470 53³

269 525 536 589 Exe'mit
567 529 862 614 puerum
877 572 895 606 ,
929 524 1345 612 fro'noemque
1369 541 1563 612 atque
1594 523 1724 589 uda
1745 493 1977 592 labella
1994 573 2013 608 ,

268 641 511 705 Infami
551 641 774 731 digito
805 656 871 704 et
903 641 1278 706 lustralibus
1309 656 1459 704 ante
1494 640 1741 722 salivis,

265 755 504 844 Expiat
527 805 550 838 ‚
587 772 858 820 urentes
893 756 1113 820 omlos
1147 755 1450 820 inhibere
1484 755 1709 843 perita.

265 871 458 935 Tunc
475 873 803 938 manibus
817 871 1046 960 quatit,
1056 887 1123 936 et
1135 893 1316 960 spem
1329 880 1637 953 macram}
1650 871 1947 961 supplice
1956 887 2132 954 voto,
2168 879 2235 936 35

191 1085 210 1108 ι
229 1061 374 1114 crob.
397 1062 508 1115 Ille
532 1061 660 1116 dies
677 1077 732 1118 et
750 1063 1008 1117 lustricus
1024 1082 1179 1116 voca·

1251 1063 1451 1116 lutum.
1472 1061 1685 1116 Petron.
1699 1069 1821 1114 Mox
1840 1069 2085 1118 turbatum
2098 1082 2238 1134 sputo

191 1166 210 1189 ι
229 1141 383 1194 batur
398 1179 416 1205 ,
440 1143 587 1214 quia
613 1144 942 1196 lustrabatur
966 1143 1171 1207 insan53
1244 1149 1493 1212 pulverem
1510 1147 1667 1196 medio
1687 1148 1877 1197 sustulit
1892 1149 2072 1213 digito,
2084 1148 2235 1214 fron-

192 1248 211 1268 ·
231 1222 354 1274 item
373 1223 683 1276 nominalis
696 1261 713 1288 ,
737 1225 866 1294 quia
883 1241 1083 1277 nomen
1097 1222 1178 1274 illi

141 1328 146 1334 ·
191 1327 210 1347 ι
232 1300 554 1356 indebatur.
584 1342 597 1355 .
618 1343 631 1355 .
655 1343 670 1355 .
709 1303 802 1356 illa
841 1305 1012 1374 igitur
1051 1301 1140 1356 die
1158 1339 1176 1366 ‚

193 1407 212 1427 ι
230 1401 461 1452 puerum
487 1383 804 1436 lustrabant
826 1385 1015 1454 (quam
1033 1382 1178 1436 cari·

193 1488 213 1507 ι
235 1464 471 1515 moniam
495 1463 766 1517 describit
789 1464 1036 1517 hocloco
1056 1464 1178 1517 Per·

197 1568 216 1588 ι
235 1544 406 1611 sius),
434 1563 653 1596 nomen
683 1544 763 1596 illi
783 1545 1170 1616 imponebant,

199 1647 220 1668 ε
239 1640 292 1674 ac
309 1636 440 1676 vota
461 1643 578 1696 pro
598 1643 664 1677 eo
683 1625 978 1687 faciebant,
999 1648 1022 1670 ι
1050 1607 1175 1696 ἱ(ῃιω

193 1714 303 1754 vota
314 1703 493 1756 refert
504 1705 714 1776 pariter
727 1704 968 1757 satiricus
979 1716 1174 1758 noster.

195 1788 563 1836 —Macereercu
589 1781 930 1857 Μητρώιλφῆ
947 1825 962 1849 ,
991 1786 1176 1839 matris

195 1881 334 1915 soror
351 1901 370 1926 ‚
394 1865 558 1936 quasi
579 1877 750 1916 mater
766 1865 946 1917 altera.
968 1863 1176 1917 Conve-

197 1942 407 1996 niebant
440 1941 519 1996 ad
551 1943 843 1996 nominali&
879 1943 1058 1996 omnis
1091 1961 1176 1996 co·

201 2022 390 2091 gnatio.
433 2021 732 2077 Lustrandi
775 2036 958 2076 autem
993 2035 1175 2094 partes

197 2103 410 2173 proprie
421 2105 718 2175 pistricum
729 2103 1174 2156 muliercularum

201 2181 338 2234 fuere
355 2219 371 2246 ,
395 2202 526 2256 quae
561 2195 714 2236 erant
750 2201 886 2236 snus
917 2195 1138 2236 recocta
1156 2221 1174 2248 ,

197 2260 620 2317 circumferendi
639 2300 657 2327 ‚
699 2275 754 2315 et
803 2262 1052 2317 omnium
1101 2263 1174 2315 ri-

201 2354 348 2397 tuum
401 2344 634 2398 illorum
682 2345 894 2415 peritae.
922 2375 994 2385 —
1033 2347 1175 2395 Canis

199 2427 382 2475 exemit.
417 2425 496 2477 Ut
530 2442 764 2495 praesens
798 2424 1074 2477 sisteretur
1103 2422 1175 2477 ad

201 2520 334 2555 sacra
355 2524 481 2576 quae
504 2524 610 2575 pro
633 2505 803 2575 ipsius
826 2505 1030 2571 salute,
1055 2516 1175 2557 tum

203 2583 306 2635 aliis
331 2586 450 2637 Diis
482 2584 808 2656 Deabusque
825 2622 841 2648 ‚
866 2597 984 2637 tum
1015 2584 1174 2637 etiam

205 2662 317 2715 Deae
338 2666 572 2717 Cuninae
597 2663 815 2717 fiebant.
857 2664 921 2717 C.

269 2752 349 2803 32.
365 2758 695 2819 Frontemque
712 2767 828 2819 atq‚·
844 2755 942 2803 uda
961 2755 1176 2820 labella]

203 2828 454 2902 Egregius
471 2833 518 2885 is
535 2832 704 2885 Persii
722 2833 874 2885 locus
893 2830 962 2885 de
979 2832 1174 2885 ritibus

203 2911 392 2978 quibus
418 2930 608 2965 reeens
637 2913 748 2965 nati
780 2912 1170 2966 lustrabantur.

206 2989 338 3043 Hine
349 2991 840 3045 videmus'salivam
857 2987 1068 3045 solitam
1087 2991 1176 3043 ad·

203 3073 396 3125 moveri
409 3070 484 3124 ad
501 3073 736 3133 frontem
755 3084 810 3125 et
820 3070 967 3123 labra
981 3090 1174 3123 eorum

203 3150 369 3215 (idem
386 3150 538 3223 apud
557 3152 874 3205 christianos
885 3151 1176 3224 baptisma-

203 3230 262 3281 tis
287 3231 375 3285 die
401 3252 522 3285 mos
545 3235 746 3301 exstat)
766 3270 784 3297 ‚
805 3231 973 3303 idque
999 3230 1171 3303 digito

204 3308 406 3364 infami.
435 3313 500 3366 C.

267 3390 347 3441 33.
363 3390 555 3457 Infami
565 3390 756 3460 dig-itm]
775 3388 843 3441 Id
861 3400 958 3453 est,
973 3388 1171 3442 medio.

203 3468 309 3523 Cur
326 3483 511 3523 autem
540 3470 755 3523 infamis
784 3469 999 3523 dicatur
1015 3508 1033 3535 ,
1053 3468 1165 3521 vid.

202 3547 264 3601 ad
281 3552 483 3603 Juven.
507 3562 604 3601 sat.
625 3550 676 3601 X
695 3586 712 3615 ,
735 3569 790 3606 v.
814 3549 900 3603 53.
916 3553 1061 3599 -Ec
1075 3552 1170 3599 lus-

203 3632 398 3679 tralibus
420 3643 537 3679 ante
559 3631 732 3679 salivis.
753 3629 821 3679 In
849 3628 1172 3699 expiationi-

199 3708 296 3761 bus
332 3709 548 3779 antiqui
591 3729 702 3762 non
749 3728 951 3762 meram
999 3708 1176 3761 solum

203 3788 526 3843 adhibebant
559 3789 778 3841 salivam
801 3809 818 3854 ;
847 3789 942 3842 sed
973 3800 1027 3841 et
1057 3789 1177 3860 pul-

203 3888 378 3925 verem
409 3882 573 3942 sputo
608 3869 882 3923 turbatum
899 3888 916 3937 ς
939 3870 1044 3921 hoc
1065 3882 1144 3921 est
1158 3907 1175 3934 ,

1253 1241 1447 1291 temque
1465 1228 1686 1293 signavit.
1706 1225 1937 1288 Salivam
1954 1237 2133 1278 autem
2158 1246 2238 1280 sa·

1250 1305 1484 1358 luturem
1522 1305 1596 1358 ait
1633 1304 1772 1358 Plin.
1815 1305 1910 1356 lib.
1946 1307 2232 1374 XXVIII,

1253 1403 1368 1456 cap.
1396 1393 1445 1447 4.
1473 1385 1599 1449 Quo
1632 1386 1691 1437 in
1722 1386 1930 1438 honore
1964 1384 2113 1456 apud
2140 1405 2237 1441 ve·

1251 1478 1390 1518 teres
1424 1465 1599 1519 salivae
1632 1464 1703 1518 ad
1734 1465 1991 1518 maleficia
2020 1477 2074 1519 et
2098 1467 2238 1520 mala

1251 1547 1527 1618 cujusque·
1545 1548 1755 1619 generis
1779 1545 2007 1600 arcenda
2028 1548 2235 1604 fuerint

1251 1625 1482 1679 effeetus
1503 1664 1520 1692 ,
1573 1626 1856 1680 confirmat
1917 1627 2236 1698 exemplum.

1251 1706 1414 1760 etiam
1450 1708 1680 1770 Christi,
1708 1709 1803 1780 qui
1833 1705 1901 1760 ad
1934 1705 2236 1759 sanandum

1249 1787 1583 1858 coecigenum
1624 1787 1812 1840 eadem
1857 1787 2068 1841 ratione
2088 1826 2103 1853 ,
2138 1785 2236 1840 sed

1249 1869 1427 1939 specie
1458 1880 1670 1920 tantum
1689 1905 1707 1932 ,
1730 1885 1861 1920 usus
1882 1880 1978 1920 est.
2004 1867 2069 1920 C.
2092 1879 2146 1919 et
2167 1869 2231 1918 A.

1324 1946 1413 2010 34.
1446 1953 1643 1998 Utentes
1668 1951 1863 2014 oculos]
1890 1945 1957 1998 Id
1978 1960 2059 2000 est
2075 1985 2091 2011 ‚
2113 1965 2239 1999 ene-

1247 2036 1461 2084 cantes,
1488 2034 1723 2074 mortem
1756 2023 2061 2075 afferentes,
2089 2019 2225 2074 vid.

1249 2103 1390 2156 Plin.
1412 2103 1508 2154 lib.
1532 2102 1645 2154 VII
1663 2140 1681 2166 ,
1702 2121 1817 2174 cap.
1842 2121 1868 2153 2
1888 2139 1904 2166 ‚
1927 2102 2059 2154 item
2085 2101 2237 2154 fasci·

1249 2196 1438 2237 nantes
1456 2203 1469 2234 ε
1486 2201 1612 2236 nam
1626 2182 1789 2235 fascin
1799 2201 1891 2233 um
1903 2182 2089 2254 pueris
2098 2199 2235 2252 proe-

1249 2265 1436 2318 sertim
1468 2262 1907 2327 suistimebant,
1928 2273 1981 2315 et
2016 2260 2235 2316 salivam

1249 2345 1417 2397 solam
1446 2363 1509 2396 eo
1528 2344 1703 2397 valere
1732 2342 2049 2404 credebant,
2078 2362 2232 2395 amu-

1249 2424 1351 2477 leta
1381 2424 1544 2477 etiam
1572 2435 1625 2477 et
1658 2441 1743 2475 res
1772 2422 2073 2493 turpiculas
2101 2421 2251 2475 ideo'

1249 2504 1433 2577 pueris
1472 2502 1866 2574 appendebant.
1895 2502 2057 2556 Hunc
2087 2516 2231 2557 vete-

1248 2602 1371 2637 rum
1382 2602 1623 2637 errorem
1634 2582 1703 2635 de
1718 2584 1742 2633 f
1742 2584 1881 2635 ascin
1888 2584 2029 2635 ation
2036 2586 2166 2655 e,cuj
2172 2600 2237 2633 us

1249 2663 1413 2717 hodie
1431 2661 1656 2717 heredes
1678 2675 1805 2714 suut
1825 2661 2048 2727 Tureae,
2071 2674 2239 2734 atque
2336 2658 2339 2664 ’

1251 2745 1411 2797 etiarn
1429 2741 1579 2815 apud
1598 2760 1696 2795 nos
1715 2740 1962 2795 homines
1976 2742 2235 2795 rusticani

1250 2824 1543 2895 permulti,
1564 2833 1717 2873 notat
1735 2821 1888 2891 Virg.
1907 2820 2080 2891 eclog.
2106 2820 2196 2871 111
2217 2838 2233 2870 ε

1250 2916 1422 2963 Nescio
1444 2916 1548 2977 quis
1572 2924 1757 2959 teneros
1781 2913 1944 2958 oculus
1959 2913 2075 2959 mihi
2091 2911 2233 2959 fasci·

1377 2995 1459 3030 nat
1480 2998 1644 3047 agnos.
1978 2985 2031 3030 C.
2063 2992 2111 3030 et
2141 2984 2197 3029 Δ.

1325 3063 1390 3117 35
1402 3103 1413 3116 .
1458 3070 1589 3115 Tunc
1626 3064 1851 3113 manibus
1890 3064 2077 3129 quatit,
2107 3065 2235 3130 eta]

1252 3144 1380 3197 Post
1410 3144 1771 3215 expiationem
1808 3161 1973 3214 quam
1999 3141 2243 3212 ⁵descrip-

1251 3238 1361 3279 tam
1374 3221 1613 3277 vidimus
1631 3260 1647 3286 ,
1672 3222 2037 3294 sequebantur
2053 3239 2239 3295 preces

1252 3317 1305 3358 et
1319 3315 1459 3357 vota.
1474 3302 1617 3355 Cum
1630 3314 1808 3355 autem
1818 3314 1939 3356 vota
1947 3302 2239 3377 faciebant,

1251 3383 1503 3437 manibus
1516 3400 1716 3453 pueros
1732 3394 1953 3453 quatere
1966 3380 2229 3445 solebant,

1251 3463 1407 3535 quasi
1421 3463 1779 3533 proesentibus
1801 3462 1914 3513 Diis
1933 3462 2053 3514 illos
2072 3461 2239 3513 offer·

1250 3557 1392 3597 rent.
1408 3542 1631 3597 Homer.
1647 3546 1728 3597 De
1742 3544 1995 3608 Hectore,
2010 3538 2167 3594 Iliad.
2187 3543 2232 3601 ζ.

1253 3634 1423 3704 Αὐτὰρ
1442 3635 1514 3703 ὅγ’
1529 3634 1577 3686 ὃν
1595 3635 1721 3703 φίλον
1742 3634 1837 3686 ὑιδν
1859 3630 1963 3685 ἐπεὶ
1980 3631 2094 3682 κύσε
2113 3632 2245 3684 πῆλέ

1334 3734 1389 3765 τι
1417 3713 1579 3783 χερσὶν
1600 3750 1618 3779 ‚

1253 3788 1405 3861 Eius?
1429 3792 1749 3864 ἐπευξάμενος
1778 3789 1854 3845 Διῒ
1879 3797 1928 3842 τ’
1952 3786 2163 3843 ἄλλοισίν
2183 3808 2239 3843 τι
2256 3790 2266 3797 ”

1335 3876 1528 3926 θεοῖσιν·
2132 3867 2199 3921 C.

203 4000 210 4009 -
267 4033 334 4083 Y.
369 4030 451 4079 33.
480 4027 670 4095 Dc'gim.
699 4028 826 4079 eod.
854 4030 992 4091 8274
1020 4038 1072 4077 et
1097 4028 1202 4079 duo
1228 4029 1342 4091 alii,
1367 4027 1559 4087 studio,
1582 4027 1727 4075 male.
