2775 4619
520 426 638 491 172
694 416 697 419 ’

1037 406 1116 467 A.
1170 378 1548 469 PE‘RSII
1611 406 2008 471 FLAcct

596 527 787 590 Tune
809 526 987 591 bona
1012 526 1357 593 incolumis
1380 528 1685 597 minuas?
1717 530 1842 595 Sed
1867 531 2115 596 Bestius
2141 547 2334 621 urget

599 642 916 707 Doctores
946 642 1213 707 Graios:
1244 644 1336 706 ita
1364 642 1438 707 fit
1455 692 1474 725 ,
1502 662 1846 733 postquam
1877 668 2102 733 sapere
2129 646 2298 710 Urbi

598 760 763 823 Cum
784 760 1007 847 pipere
1028 775 1094 823 et
1113 760 1341 848 palmis
1365 761 1545 825 venit
1565 776 1864 825 nostrum
1879 760 2010 825 hoc
2023 810 2042 843 ‚
2068 762 2266 825 maris
2285 782 2534 850 expers
2549 809 2576 842 ‚

601 874 947 961 Foenisecae
981 898 1191 940 crasso
1218 869 1533 962 vitiarunt
1563 878 1857 967 unguine
1890 878 2121 965 pultes·

512 1065 825 1121 adulteratae
858 1067 1063 1120 fuerint
1095 1067 1303 1139 gummi
1340 1086 1369 1121 e
1408 1086 1495 1121 ce-

512 1166 651 1199 raso,
684 1148 747 1200 C.
964 1160 986 1217 j

588 1228 669 1299 37.
689 1234 819 1279 Tune
840 1234 967 1280 bona
986 1232 1237 1281 incolumis
1256 1233 1491 1298 minuas?]

512 1310 672 1361 Dicet
696 1309 795 1361 tibi
826 1310 983 1362 heres
1010 1322 1139 1362 tuus
1166 1310 1355 1362 iratus.
1378 1312 1488 1362 De-

512 1389 675 1441 besne
704 1390 777 1442 ita
808 1409 965 1443 sanus
984 1430 999 1456 ,
1026 1404 1081 1443 et
1113 1409 1262 1442 nunc
1293 1390 1487 1455 vivus,

512 1470 657 1523 bona
676 1471 989 1543 impendere
1004 1487 1093 1526 tua
1108 1470 1301 1523 ?-.Sed
1312 1474 1491 1523 Bestius

512 1566 666 1619 urget.
700 1553 910 1605 Bestius
956 1572 1258 1624 cognomen
1294 1554 1490 1606 Roma-

512 1651 652 1684 num
668 1632 815 1704 apud
835 1632 1017 1686 Horat.
1034 1634 1128 1684 lib.
1150 1635 1177 1683 Ι
1197 1672 1211 1695 ,
1230 1632 1381 1703 epist.
1402 1633 1488 1697 15,

515 1726 569 1765 et
590 1715 719 1766 alios
740 1735 752 1765 ε
773 1716 865 1767 hic
885 1734 1088 1781 nomen
1108 1716 1290 1767 θετικὸν
1315 1716 1493 1785 turpi-

512 1792 775 1864 lucripidi
840 1790 1077 1845 hominis
1120 1831 1137 1856 ‚
1198 1792 1490 1845 hereditati

508 1870 699 1923 alienae
725 1872 1003 1925 inhiantis.
1020 1904 1091 1911 —
1110 1878 1261 1939 Urget
1273 1874 1492 1922 doctores

514 1956 707 2005 Graios.
733 1955 942 2007 Bestius
969 1954 1253 2006 invehitur
1281 1954 1340 2005 in
1364 1952 1489 2023 phi-

514 2033 767 2103 losophos
814 2034 1032 2086 Graecos
1056 2072 1073 2097 ‚
1112 2031 1262 2104 quod
1304 2050 1489 2084 secum

512 2107 980 2166 attulerint'artem
997 2114 1291 2166 liberaliter
1309 2114 1492 2165 viven-

512 2192 573 2245 di
600 2207 654 2245 et
680 2194 938 2259 honeste,
964 2212 1077 2266 quo
1103 2193 1167 2245 fit
1193 2206 1256 2245 ut
1275 2192 1492 2245 heredi-

512 2284 645 2326 tates
673 2275 995 2326 minuentur
1022 2273 1086 2326 C.
1118 2285 1172 2325 et
1196 2272 1261 2324 P.

588 2355 675 2406 38.
706 2360 789 2405 Ita
800 2359 901 2426 fic,
929 2355 1038 2424 eea]
1068 2353 1170 2405 Hic
1195 2355 1347 2405 locus
1365 2373 1494 2425 per-

512 2435 778 2487 obscurus
796 2453 921 2487 sane
946 2445 1023 2486 est
1038 2473 1052 2494 ,
1073 2453 1137 2486 cu
1140 2435 1229 2505 jus
1249 2432 1490 2487 difficul-

513 2529 591 2566 tas
633 2515 792 2575 inest,
813 2516 872 2566 in
906 2515 1119 2578 verbis,
1146 2529 1363 2564 nostrum
1398 2517 1490 2566 hoe

515 2599 665 2647 maris
709 2615 911 2662 expers,
949 2607 1178 2667 propter
1223 2594 1491 2666 ambigui-

512 2690 678 2730 tatem
709 2677 862 2731 verbi
900 2697 1108 2744 expers,
1144 2677 1304 2729 sicuti
1332 2675 1489 2729 verbi

514 2762 683 2809 maris.
713 2763 899 2824 Expers
930 2757 1065 2810 duas
1097 2758 1259 2810 habet
1286 2756 1488 2827 signifi-

512 2840 763 2892 cationes.
782 2841 967 2911 Vulgo
986 2860 1183 2906 expers,
1204 2839 1269 2891 ab
1292 2859 1356 2888 ex
1368 2859 1487 2906 par-

513 2931 585 2976 te,
609 2917 941 2988 qui’nullam
968 2917 1131 2969 habet
1156 2928 1366 2987 partem
1384 2954 1400 2977 ‚
1427 2913 1486 2966 id

510 3000 629 3058 est,
658 2995 751 3067 qui
778 3008 942 3048 caret.
980 2995 1290 3067 Aliquando
1322 2996 1486 3047 etiam

508 3075 662 3128 *venit
680 3076 745 3127 ab
768 3077 1033 3147 experiri,
1058 3089 1111 3128 et
1132 3076 1317 3128 locum
1336 3088 1486 3128 tenet

512 3155 789 3227 participii
820 3171 1077 3223 expertus,
1106 3158 1202 3228 qui
1230 3170 1486 3228 expertus

514 3247 615 3288 est.
655 3235 853 3288 Probat
883 3236 989 3287 hoc
1022 3248 1156 3288 vett.
1189 3237 1488 3308 glossarum

435 3381 449 3397 .
511 3327 703 3368 auctor
720 3354 735 3380 ,
764 3315 863 3387 qui
890 3315 1177 3388 utramque
1206 3317 1489 3368 notionem

511 3395 750 3467 agnoscit
774 3434 793 3460 ‚
828 3395 1083 3454 sic—enim
1120 3397 1211 3450 ille
1234 3417 1249 3448 τ
1282 3417 1487 3464 expers,

512 3470 708 3548 ἄπὲιρος
770 3479 852 3531 καὶ
918 3481 1163 3550 ἔμπειρος.
1218 3480 1491 3550 Ambigua

512 3557 677 3610 etiam
704 3570 815 3622 est,
842 3558 949 3610 hoc
976 3560 1098 3612 loco
1114 3597 1131 3623 ‚
1158 3559 1312 3611 verbi
1339 3561 1490 3608 maris

511 3635 853 3709 significatiO.
878 3639 1117 3692 Venitne
1142 3657 1171 3689 a
1192 3657 1359 3698 mare,
1382 3658 1488 3688 ma-

513 3723 579 3768 ris
594 3739 615 3778 ;
644 3738 709 3771 an
730 3756 747 3782 ‚
773 3737 802 3771 a
826 3739 961 3780 mas,
992 3721 1141 3770 maris
1153 3707 1189 3768 ,θ’
1202 3719 1339 3782 Quae
1361 3721 1491 3770 cum

510 3799 587 3851 ita
611 3799 719 3852 sint
734 3837 747 3862 ,
773 3817 844 3855 ne
864 3801 1121 3853 lectorem
1146 3799 1295 3852 vanis
1321 3817 1488 3872 quaes-

2481 892 2578 949 40

1573 1068 1813 1121 tionibus
1839 1068 2122 1141 fatigemus
2139 1105 2155 1132 ‚
2177 1064 2312 1121 duas
2333 1080 2578 1123 tantum

1573 1149 1862 1201 afferemus
1911 1149 2275 1221 interpretum
2331 1162 2572 1202 senten-

1573 1232 1670 1282 tias
1715 1230 2030 1301 praecipuas.
2072 1231 2173 1283 Illa
2213 1230 2290 1283 sic
2311 1251 2326 1283 τ
2356 1236 2435 1282 Ita
2447 1234 2572 1302 fit,

1570 1320 1642 1367 ait
1667 1315 1878 1368 Bestius
1896 1353 1913 1378 ‚
1926 1329 2192 1382 postquam
2217 1328 2435 1365 nostrum
2455 1315 2572 1375 hoq

1566 1416 1766 1463 sapere,
1813 1392 1872 1447 id
1921 1408 2003 1453 ‚est
2021 1432 2038 1458 ,
2083 1406 2266 1446 nostra
2315 1395 2431 1447 haec
2469 1410 2570 1445 sa-

1567 1474 1772 1543 pientia
1793 1473 1943 1523 maris
1967 1491 2168 1537 expers,
2195 1469 2438 1523 masculo
2455 1488 2570 1521 ro-

1568 1555 1701 1605 hore
1719 1572 1930 1617 carens,
1946 1553 2124 1605 mollis
2142 1565 2196 1604 et
2213 1550 2565 1615 effeminata,

1570 1637 1682 1684 urbi
1697 1636 1842 1684 venie
1863 1652 1973 1683 cum
1989 1636 2194 1699 pipere,
2217 1647 2307 1683 ete.
2331 1631 2520 1683 Altera
2547 1669 2570 1695 ‚

1569 1714 1644 1766 sic
1673 1733 1686 1764 t
1731 1718 1806 1763 Ita
1827 1716 1925 1784 fit,
1953 1728 2217 1779 postquam
2252 1731 2422 1779 sapere
2435 1750 2453 1771 ,
2492 1710 2568 1763 id

1569 1806 1648 1845 est
1674 1830 1690 1857 ‚
1737 1792 1996 1863 sapientia
2045 1792 2365 1844 Graecorum
2409 1793 2576 1841 venit

1567 1894 1678 1925 eum
1698 1878 1869 1941 pipere
1889 1888 1940 1924 et
1947 1876 2128 1939 palmis
2138 1892 2158 1923 .·
2180 1885 2314 1924 tunc
2333 1886 2567 1921 nostrum

1569 1957 1662 2004 hoe
1684 1993 1701 2014 ,
1738 1952 1798 2005 id
1834 1965 1944 2016 est,
1979 1964 2164 2004 nostra
2202 1950 2430 2023 propria
2469 1968 2564 2002 sa-

1567 2034 1772 2105 pientia
1801 2052 1830 2084 a
1867 2032 2450 2105 majoribus-accepta,
2485 2042 2566 2082 ut

1567 2118 1716 2165 maris
1735 2110 1937 2181 arpen,
1962 2112 2022 2165 id
2043 2126 2122 2165 est
2140 2150 2156 2176 ‚
2179 2113 2294 2171 sine
2311 2112 2444 2178 sale,
2465 2111 2562 2162 in-

1569 2197 1712 2248 sulsa
1729 2234 1746 2261 ‚
1773 2194 1978 2247 nullius
2017 2194 2185 2265 pretii
2217 2194 2400 2245 habita
2429 2206 2518 2246 est
2537 2230 2558 2257 ,

1571 2288 1625 2329 et
1661 2275 1936 2329 contemni
1973 2274 2178 2346 coepit;
2214 2286 2350 2326 tunc
2385 2276 2560 2324 toeni-

1567 2377 1690 2408 secoe
1707 2360 1985 2416 vitiarunt,
2006 2369 2099 2407 etc.
2121 2354 2220 2406 Illa
2239 2353 2559 2406 casauboni

1571 2437 1836 2490 sententia
1851 2474 1869 2499 ,
1893 2438 2010 2490 haec
2043 2435 2293 2488 Tur-nebi
2322 2433 2558 2488 AdverS.

1568 2519 1728 2570 XXX
1742 2554 1758 2581 ‚
1779 2535 1898 2589 cap.
1919 2537 1952 2588 7
1965 2556 1982 2582 ,
1997 2515 2300 2569 Casauboni
2322 2513 2559 2586 quidem

1567 2599 1828 2651 sententia
1857 2598 2082 2670 simplex
2112 2595 2363 2658 videtur,
2387 2607 2442 2646 et
2469 2595 2560 2647 rei

1567 2677 1986 2730 accommodata.
2006 2675 2114 2727 Alii
2141 2687 2317 2728 tamen
2337 2675 2560 2745 simpli-

1569 2758 1684 2810 cius
1703 2777 1718 2808 t
1746 2769 2038 2828 postquam
2069 2769 2320 2808 nostrum
2343 2754 2450 2806 hoc
2479 2773 2562 2806 sa-

1564 2857 1695 2909 pere
1713 2875 1730 2901 ,
1751 2853 1890 2889 notre
1915 2840 2132 2887 nouvelle
2155 2853 2363 2904 sogesse,
2386 2834 2557 2886 maris

1567 2935 1756 2989 expers
1775 2955 1791 2982 ,
1822 2916 2178 2970 transmarina
2209 2913 2368 2984 (vide
2405 2927 2558 2966 notae

1547 3001 1728 3070 'hujus
1749 2998 2085 3069 superiorem
2106 3007 2315 3067 partem
2336 2997 2384 3065 )‚
2409 2996 2504 3060 qui
2517 3013 2556 3044 a

1555 3081 1702 3145 passe'
1709 3081 1774 3129 les
1783 3097 1922 3136 mers,
1933 3075 2102 3137 venit,
2113 3074 2454 3146 admissaque
2467 3085 2556 3125 est

1563 3159 1620 3210 in
1649 3159 1874 3230 urbem3
1901 3169 2033 3208 tunc
2057 3159 2344 3213 Foeniseeae,
2365 3169 2455 3204 ecc.
2481 3155 2554 3206 A.

1640 3239 1730 3307 39.
1765 3243 1882 3290 Cum
1895 3230 2102 3307 pipere]
2128 3239 2271 3289 Ante
2291 3235 2454 3305 piper
2471 3234 2558 3285 in-

1567 3331 1789 3372 ventum
1806 3354 1825 3380 ‚
1843 3317 2030 3368 baccas
2057 3315 2114 3367 in
2138 3333 2242 3366 usu
2262 3314 2425 3366 fuisse
2446 3325 2558 3364 tes-

1569 3410 1718 3450 tatur
1749 3397 1886 3448 Plin.
1921 3397 2014 3447 lib.
2052 3396 2182 3458 XV,
2225 3413 2342 3465 cap.
2385 3411 2558 3460 29.—

1567 3482 1767 3530 Palmis.
1785 3479 1893 3530 Pro
1917 3496 2104 3530 earum
2135 3476 2404 3528 fructibus
2419 3512 2436 3536 ,
2457 3475 2558 3545 qui

1567 3560 1772 3632 dactyli
1791 3571 2064 3613 vocantur
2081 3595 2098 3621 ‚
2127 3557 2266 3609 Gall.
2299 3560 2558 3606 danes.—

1569 3644 1798 3692 Nostrum
1815 3659 2006 3707 sapere.
2023 3638 2218 3690 Nostra
2239 3634 2523 3708 sapientia.

1643 3726 1732 3781 40.
1761 3721 2022 3770 Foenisecae
2047 3719 2334 3782 vitiarunt]
2367 3716 2452 3766 Ex
2490 3732 2558 3766 eo
2607 3713 2612 3716 ¹

1571 3812 1818 3872 tempore
1841 3836 1858 3865 ,
1901 3797 2038 3852 adeo
2094 3796 2384 3868 depravata
2427 3807 2564 3847 sunt

580 3973 643 4017 V.
676 3972 757 4034 39.
795 3969 941 4018 Venit
956 3983 1171 4019 nostrum
1200 3970 1322 4028 hoe,
1348 3971 1498 4018 maris
1525 3988 1713 4036 expers.
1735 3971 1908 4022 Codex
1932 3980 2128 4020 noster:
2150 3967 2297 4017 venie
2321 3965 2416 4015 hoc
2444 3981 2564 4016 nos·-

510 4063 637 4100 trum
650 4085 667 4109 ,
698 4063 748 4100 et
776 4051 928 4114 maris
948 4067 1152 4116 expers.
1180 4053 1319 4106 Male
1352 4052 1580 4101 omnino.
