2775 4619
458 728 865 857 CAII
973 730 1824 862 LUCILII.

140 978 878 1134 SATIRARUM
947 977 1268 1083 QUAE
1344 972 2084 1061 SUPERSUNT

654 1192 1562 1284 FRAGMENTA.

552 1627 694 1697 EX
764 1627 1261 1700 INCERTO
1320 1624 1674 1695 LIBRO.

1087 1828 1139 1885 1.

174 1928 448 2030 Vnru
461 1987 489 2029 s
512 2012 531 2041 ‚
566 1967 782 2029 Albine
803 2008 822 2040 ‚
852 1980 942 2029 est
972 1967 1231 2048 pretium
1260 1966 1592 2047 persolvere
1620 1987 1860 2041 verum,

170 2069 363 2141 Queis
387 2068 454 2127 in
478 2086 811 2139 versamur,
842 2067 1011 2146 queis
1039 2066 1278 2125 vivimu’
1304 2066 1470 2126 rebu’
1501 2079 1730 2147 potesse
1757 2088 1772 2123 ε

173 2166 391 2225 Virtus·
410 2176 499 2223 est
529 2164 796 2235 homini,
828 2164 974 2223 scire
1008 2164 1100 2236 id,
1134 2164 1298 2243 quod
1324 2184 1578 2243 quaeque
1605 2164 1817 2225 habeat
1843 2180 1951 2221 res.

172 2263 415 2334 Virtus,
440 2263 587 2322 scire
609 2262 837 2322 homini
863 2274 1090 2322 rectum
1104 2306 1121 2336 ‚
1145 2261 1293 2323 utile
1308 2306 1326 2334 ,
1352 2262 1501 2344 quid
1524 2262 1599 2322 sit
1623 2264 1979 2334 honestum3

172 2366 325 2435 Quae
343 2362 504 2420 bona
521 2404 536 2432 ,
563 2380 695 2440 quae
714 2361 867 2422 mala
883 2362 1025 2420 item
1037 2406 1054 2435 ,
1079 2362 1228 2441 quid
1246 2361 1455 2422 inutile
1468 2406 1486 2436 ,
1505 2375 1678 2444 turpe
1693 2405 1710 2436 ,
1729 2363 2138 2426 inhonestum:

175 2461 385 2518 Virtus
406 2502 425 2529 ‚
450 2459 781 2538 quaerendae
808 2460 892 2516 rei
919 2459 1097 2518 finem
1126 2459 1271 2519 scire
1299 2461 1700 2540 modumque:

176 2557 383 2615 Virtus
400 2599 419 2628 ,
448 2556 668 2614 divitiis
696 2556 955 2636 pretium
982 2557 1315 2635 persolvere
1339 2577 1550 2638 posse:

173 2654 419 2728 Virtus,
448 2653 514 2713 id
540 2654 678 2715 dar'e
695 2695 711 2727 ‚
744 2653 910 2734 quod
940 2675 1003 2714 re
1034 2653 1160 2732 ips&
1190 2654 1442 2713 debetur
1468 2655 1717 2714 honori:

176 2753 427 2812 Hostem
444 2771 567 2811 esse
584 2764 761 2831 atque
778 2753 1083 2812 inimicum
1111 2752 1421 2811 hominum
1446 2771 1800 2834 morum‘ie
1816 2753 2112 2814 malorum
2123 2797 2140 2826 ,

176 2853 401 2910 Contra
429 2850 799 2908 defensorem
823 2849 1134 2907 hominum
1159 2869 1515 2928 morumque
1541 2850 1836 2908 bonorum
1851 2894 1870 2923 ‚

176 2949 557 3028 Magnificam
582 2948 692 3008 hos
708 2989 727 3020 ,
749 2947 843 3006 his
868 2947 1020 3006 bene
1043 2947 1195 3005 velle
1210 2991 1227 3019 ‚
1258 2947 1351 3006 his
1372 2948 1567 3006 vivere
1593 2949 1886 3008 amicum:
1973 2984 1979 2990 -

176 3046 515 3105 Commoda
539 3057 817 3124 praeterea
845 3046 1047 3123 patriae
1078 3045 1191 3103 sihi
1217 3045 1406 3123 prima
1435 3059 1641 3123 putare
1661 3089 1678 3116 ‚

63 3131 68 3178 '-
178 3145 413 3204 Deinde
439 3145 755 3222 parentum
770 3185 790 3216 ‚
816 3142 983 3202 tertia
1002 3143 1131 3218 jam
1158 3154 1572 3224 postremaque
1593 3155 1810 3204 nostra.

69 3247 71 3250 ’
1066 3243 1159 3300 11.
1787 3267 1792 3272 ·

75 3417 77 3420 y
179 3343 356 3399 Nun‘e
378 3360 522 3399 vero
539 3384 556 3412 ,
581 3360 617 3398 a
639 3358 812 3399 mane
841 3337 916 3408 ad
944 3352 1181 3401 noctem
1199 3384 1217 3412 ,
1240 3340 1390 3400 festo
1413 3351 1592 3418 atque
1618 3340 1880 3419 profesto
1895 3381 1912 3413 ,

77 3441 81 3498 ἓ.
176 3441 365 3495 Totus
387 3437 533 3495 item
561 3437 893 3516 pariterque
924 3437 1050 3496 dies
1066 3480 1085 3509 ‚
1112 3438 1492 3518 populusque
1513 3450 1828 3518 patresque

178 3537 407 3598 Jactare
437 3533 586 3603 indu
608 3535 739 3594 foro
767 3555 827 3594 se
854 3553 1061 3594 omnes
1076 3579 1093 3607 ‚
1119 3535 1405 3595 decedere
1429 3556 1724 3616 nusquam
1739 3581 1760 3608 ‚

178 3631 295 3691 Uni
326 3651 388 3690 se
412 3633 596 3710 'atque
627 3632 821 3692 eidem
853 3633 1050 3692 studio
1080 3652 1285 3692 omnes
1312 3633 1528 3692 dedere
1547 3646 1613 3694 et
1635 3635 1782 3709 arti3

179 3730 375 3789 Verba
400 3729 543 3788 dare
569 3742 639 3788 ut
664 3743 836 3790 caute
864 3731 1091 3810 possint
1110 3776 1127 3804 ‚
1152 3746 1414 3811 pugnare
1441 3732 1648 3791 dolose
1661 3773 1680 3804 ,

181 3825 476 3886 Blanditia
505 3841 757 3902 certare,
780 3829 1011 3888 bonum
1036 3829 1317 3889 'simulare
1342 3831 1538 3890 virum
1565 3849 1660 3902 se,

181 3923 431 3986 Insidias
460 3923 651 3987 faeere
668 3972 687 4002 ,
713 3939 783 3986 ut
810 3927 859 3987 si
886 3928 1086 3989 hostes
1113 3929 1230 3990 sint
1256 3925 1534 4008 omnibus
1561 3943 1784 3988 omnes-

117 4155 129 4166 ,
180 4121 223 4152 ι.
256 4105 548 4156 Lactantius
562 4141 578 4166 ‚
603 4107 902 4160 Divinarum
934 4109 1085 4162 luti-
1134 4164 1139 4168 >
1238 4124 1288 4157 2.
1314 4108 1600 4159 Lactantius
1615 4140 1630 4168 ,
1658 4105 1960 4160 Divinarum
1984 4109 2143 4160 Instit-

117 4184 357 4238 utionum
372 4221 389 4251 ‚
414 4185 510 4256 lib2
533 4189 634 4262 'V13
652 4205 759 4256 cap.
786 4189 835 4240 5.
1162 4187 1252 4240 lib.
1270 4191 1337 4263 ‘V3
1356 4206 1466 4257 cap.
1489 4206 1539 4255 9.
1723 4255 1756 4322 5

1681 4281 1708 4322 1
1763 4304 1782 4325 ο
