2775 4619
839 335 1234 402 SA'r1RA
1304 340 1409 404 11.
1532 404 1537 410 .
2048 358 2134 441 47

179 457 366 547 Haud
401 459 622 524 cuivis
659 477 1041 548 promptum
1069 479 1199 544 est,
1233 478 1697 554 murmurque,
1733 469 2137 562 humilesque

337 598 652 640 SUSUI'I'OS

179 691 430 756 Tollere
459 691 552 756 de
579 693 842 782 templis
859 742 877 774 ,
905 709 971 758 et
996 711 1223 783 aperto
1251 697 1467 762 vivere
1490 716 1662 764 vot0.

177 807 390 871 «Mens
404 809 618 890 bona,
631 808 991 890 fama,fides
1006 813 1020 874 !
1037 842 1061 866 »
1085 812 1238 875 Haec
1253 813 1445 895 clare,
1462 831 1525 879 et
1542 833 1618 879 ut
1635 817 1859 883 audiat
1872 819 2129 910 hospes3

175 923 280 984 Illa
301 921 437 986 sib-i
462 924 828 990 introrsum
845 975 863 1006 ,
888 943 953 992 et
978 927 1102 990 sub
1125 927 1350 1017 lingua
1375 929 1875 1000 immurmurat:
1903 936 1944 1000 ὀ
1970 938 2025 1000 si

175 1039 412 1102 Ebullit
435 1041 666 1130 patrui
693 1041 1079 1130 praeclarum
1106 1042 1340 1108 funus!
1364 1061 1467 1126 et,
1494 1046 1535 1110 ὃ
1562 1047 1618 1110 si
2065 1080 2129 1114 ιο

113 1231 314 1302 ponitur.
338 1259 409 1272 —-
435 1235 636 1284 Tacita.
686 1234 1022 1307 Metonymia
1048 1273 1064 1299 ‚

1146 1255 1270 1288 nam
1291 1237 1425 1290 mihi
1447 1241 1743 1313 contingat.
1768 1245 1895 1298 Juv.
1918 1259 2016 1300 sat.
2040 1248 2127 1314 X,

109 1330 186 1382 pro
205 1311 334 1364 votis
361 1313 536 1366 tacite
566 1325 621 1367 et
647 1313 907 1367 submissa
930 1334 1066 1368 voce
1145 1315 1246 1368 sub
1273 1317 1440 1370 finem
1460 1337 1475 1368 τ

115 1393 246 1444 factis.
271 1393 311 1444 P
321 1432 336 1446 .

163 1491 202 1538 6.
219 1495 564 1557 Murmurque,
583 1493 884 1559 humilesque
901 1493 1063 1544 susur-

118 1569 206 1638 ros]
227 1570 397 1622 Etiam
435 1571 528 1622 illi
567 1591 708 1644 quos
736 1571 877 1624 dixit
911 1573 1064 1624 tacitd

115 1651 234 1699 libare
262 1652 438 1702 acerrd
457 1689 477 1712 ‚
513 1671 630 1704 non
667 1654 884 1726 penitus
922 1666 1062 1706 tace-

117 1729 241 1782 bant:
265 1731 355 1783 sed
380 1734 683 1786 obscuram
710 1734 779 1786 de
799 1755 949 1788 more
969 1755 1062 1791 vo-

121 1829 206 1862 cem
225 1812 354 1865 intra
379 1813 578 1880 dentes
606 1815 868 1881 edebant,
897 1838 1060 1889 quam

117 1906 233 1944 vocat
256 1895 338 1946 hic
365 1895 592 1950 Persius
620 1918 870 1959 murmur,
901 1903 1060 1950 kumi-

121 1975 242 2036 lesque
257 1993 486 2026 susurros.
499 1975 669 2048 Apud
685 1975 876 2032 Horat.
898 1979 992 2032 lib.
1011 1981 1058 2046 I,
1105 2023 1114 2036 .

119 2051 240 2121 epist.
270 2059 326 2106 16
345 2092 361 2119 ,
386 2056 682 2128 improbus
708 2057 784 2112 sic
809 2059 1060 2132 improbe

117 2145 320 2200 precatur
341 2156 356 2188 ε

119 2258 230 2304 Labra
243 2273 393 2311 movet
413 2273 633 2313 metuens
653 2268 804 2314 audiri
824 2284 836 2316 :
859 2269 1058 2331 pulchra
1121 2287 1126 2296 ¹

210 2334 427 2393 Laverna,

121 2402 169 2446 Da
179 2404 271 2449 mihi
284 2406 464 2465 fallere,
484 2410 547 2457 dn
558 2412 738 2471 justum
751 2420 1055 2475 sanctumque

208 2476 341 2523 videri
353 2497 368 2533 ;

118 2544 271 2593 Noctem
291 2552 494 2611 peccatis
512 2585 530 2610 ,
554 2564 604 2599 et
633 2554 874 2603 fraudibus
897 2557 1055 2618 objice

205 2620 378 2667 nubem.
797 2629 851 2673 C.
873 2638 919 2674 et
935 2631 988 2674 P.

171 2754 212 2803 7.
243 2744 412 2793 Tollere
451 2748 518 2795 de
555 2748 792 2817 templis.]
835 2747 880 2797 E
911 2746 1052 2800 votis

119 2813 198 2865 suis
217 2830 263 2868 et
282 2823 536 2889 precibus
565 2823 623 2876 in
659 2826 872 2897 templis
897 2826 1050 2878 factis

121 2895 304 2951 eximere
315 2940 330 2965 ‚
354 2902 596 2958 demere.
612 2912 762 2957 —Ec
775 2922 946 2977 aperlo
965 2911 1052 2958 vi-

119 2992 196 3023 vere
209 2994 332 3032 voto.
358 2982 592 3039 Nullum
617 3000 808 3041 votum
840 2989 1014 3039 facere
1032 3024 1048 3051 ‚

119 3055 232 3121 quod
243 3062 372 3114 nolis
387 3080 504 3117 esse
519 3080 785 3137 apertum.
803 3064 886 3118 Eo
901 3086 1052 3139 spec-

120 3133 229 3188 tabat
254 3138 381 3193 illud
409 3159 660 3199 veterum
688 3148 1051 3221 Pythagoreo·

117 3231 210 3267 rum
225 3224 544 3293 symbolum,
559 3228 691 3299 μετὰ
711 3223 868 3302 pawn:
887 3233 1046 3300 εὔχεο.

121 3290 274 3363 Seneca
297 3322 310 3353 ε
338 3310 412 3356 Sic
445 3312 559 3359 ‘vive
595 3330 706 3361 eum
739 3314 1013 3366 hominibus
1031 3356 1047 3377 ‚

119 3384 311 3442 t‘mquam
341 3391 470 3439 Deus
501 3394 681 3441 videat
696 3412 714 3441 .-
743 3397 812 3443 εἰσ
846 3398 1046 3461 loquere

119 3470 203 3579 ΖΜ
237 3466 332 3515 Deo
358 3504 374 3527 ,
415 3484 656 3538 tanquam
700 3476 918 3525 homines
958 3496 1048 3527 au-

143 3554 236 3588 taret.

172 3634 214 3686 8.
239 3644 362 3694 Mens
379 3650 534 3714 bona,
553 3652 662 3722 eta]
687 3650 922 3725 Supple:
946 3657 1047 3708 uti-

1144 1403 1384 1450 Orandum
1403 1415 1499 1461 est,
1524 1417 1578 1452 ut
1594 1408 1656 1454 sit
1674 1425 1803 1456 meus
1820 1427 1931 1458 sana
1952 1414 2001 1459 in
2020 1431 2129 1462 cor-

1266 1491 1381 1536 pore
1404 1493 1534 1524 sano.

1141 1559 1345 1606 -Hoe'e
1383 1559 1539 1608 clare.
1585 1558 1989 1630 Proseruntur;
2024 1566 2125 1618 ho-

1103 1663 1114 1673 ·
1143 1647 1290 1686 nesta
1327 1636 1477 1688 enim
1514 1652 1641 1690 sunt
1678 1649 2123 1712 vota.-·—Hospes.

1142 1715 1325 1785 Vulgo
1354 1716 1549 1788 hospes
1586 1732 1695 1780 est,
1726 1724 1822 1792 qui
1860 1736 2004 1776 tecto
2033 1745 2124 1778 ex·

1141 1794 1276 1866 cipit
1310 1799 1659 1869 peregrinum
1704 1815 1758 1854 et
1802 1817 2089 1858 externum
2106 1846 2125 1871 ‚

1139 1876 1342 1946 pariter
1358 1891 1412 1930 et
1432 1880 1528 1950 qui
1548 1882 1833 1953 excipitur.
1850 1885 1998 1936 Tull.
2018 1906 2125 1956 pro

1140 1957 1320 2026 Dejot.
1355 1963 1453 2008 Per
1490 1963 1717 2010 dextram
1762 1964 1901 2014 istam
1916 2001 1934 2024 ,
1970 1985 2123 2030 quam

1139 2037 1307 2102 hospes
1328 2040 1506 2106 hospiti
1520 2045 1805 2107 porrexisti.
1824 2043 1943 2095 Hoc
1958 2043 2083 2098 loco
2102 2083 2121 2112 ,

1141 2118 1381 2171 sumitur
1416 2139 1517 2192 pro
1557 2123 1749 2192 quovis
1786 2123 2022 2194 ingresso
2060 2125 2121 2178 in

1139 2200 1410 2271 templum
1431 2215 1485 2254 et
1502 2205 1717 2256 astanti.
1742 2205 1807 2257 P.

1211 2307 1262 2357 9.
1296 2293 1394 2340 Sub
1417 2293 1591 2361 lingua
1618 2295 1998 2367 immurmuraa]
2033 2296 2121 2349 Sic

1135 2370 1318 2422 Latini
1353 2373 1456 2423 sub
1498 2376 1669 2441 lingua
1706 2379 2119 2430 immurmurare:

1134 2464 1188 2503 at
1209 2452 1385 2505 Graeci
1402 2456 1497 2507 ὑπὸ
1516 2451 1700 2510 ὀδόντα
1715 2456 1898 2511 dicere
1914 2473 2121 2524 amant,

1134 2542 1190 2583 et
1219 2544 1346 2603 post
1365 2532 1467 2584 hos
1488 2532 1663 2601 Galli,
1686 2556 1965 2589 murmuret*
1984 2554 2121 2591 entre

1133 2632 1204 2661 ses
1219 2614 1502 2664 deuts.—-O
1516 2617 1588 2663 si!
1610 2614 1791 2684 Optan
1799 2617 1867 2667 tis
1882 2630 1981 2669 est.
1998 2619 2118 2670 Uti-

1133 2710 1261 2743 nam
1287 2693 1469 2763 patrui
1494 2695 1601 2746 mei
1629 2695 1796 2749 funus
1814 2711 2039 2769 repente
2060 2718 2118 2752 se

1130 2772 1328 2844 prodat
1361 2786 1414 2825 et
1447 2774 1637 2827 exeat!
1668 2775 1726 2828 id
1760 2791 1875 2840 est,
1906 2780 2117 2831 utinam

1127 2868 1354 2926 repente
1393 2870 1669 2909 evanescat
1694 2897 1709 2923 ‚
1746 2856 1891 2935 diem
1928 2876 2117 2931 supre-

1131 2954 1292 2986 mum
1300 2936 1457 2989 obeat
1472 2949 1698 3009 patruus
1713 2957 1884 3003 meus,
1902 2944 1962 2990 ea
1974 2940 2113 3011 lege,

1133 3027 1195 3065 ut
1219 3016 1267 3066 ei
1287 3016 1608 3087 praeclarum
1631 3018 1797 3069 sunus
1824 3018 2045 3071 faciam!

1213 3114 1298 3147 10.
1354 3098 1562 3147 Ebullit.
1584 3100 1605 3165 ]
1651 3091 1909 3169 Ᾱρχαῖκῶς
1940 3138 1953 3158 ,
2009 3121 2113 3173 pro

1132 3173 1407 3227 ebullierit
1424 3214 1441 3241 ‚
1471 3190 1534 3228 ut
1562 3181 1707 3241 axim-
1734 3198 1835 3251 pro
1872 3180 2071 3251 egerim
2095 3219 2112 3248 ,

1129 3260 1363 3307 comedim
1379 3269 1433 3309 et
1449 3261 1575 3308 edim
1598 3278 1701 3330 pro
1721 3262 1864 3309 edam
1876 3299 1893 3321 ‚
1912 3262 1993 3313 vel
2009 3266 2116 3313 ede·

1129 3340 1247 3398 rim,
1269 3348 1324 3388 et
1349 3340 1510 3388 dedim
1530 3358 1633 3409 pro
1655 3338 1919 3393 dederim.
1942 3340 2115 3394 Porro
2178 3364 2183 3368 ·
2271 3341 2279 3349 '

1127 3420 1354 3479 ebullire,
1381 3418 1532 3489 quod
1552 3422 1775 3493 proprie
1788 3421 1843 3473 in
1863 3441 2000 3493 aqua
2016 3424 2117 3475 ser-

1126 3509 1284 3565 vente
1311 3496 1496 3549 locum
1519 3498 1710 3565 habet,
1733 3498 1802 3551 ad
1824 3500 2004 3551 omnia
2027 3520 2113 3551 re-

1125 3577 1349 3648 pentina
1375 3578 1655 3631 transferri
1683 3581 1953 3651 eleganter
1978 3580 2113 3632 solet

1125 3658 1271 3711 varie
1296 3672 1685 3713 constructum.
1715 3662 1772 3714 C.

173 3796 224 3844 V.
250 3818 322 3851 10.
346 3804 553 3859 Ebullic.
578 3814 653 3860 Ita
683 3826 784 3863 vet.
824 3816 984 3866 schol.
1023 3820 1234 3868 Puteani
1267 3832 1317 3869 et
1355 3822 1559 3871 Pithoei
1596 3822 1742 3870 codd.
1777 3833 1827 3870 et
1861 3832 1960 3871 tres
1991 3824 2107 3883 alii3

130 3873 291 3931 quidam
326 3886 497 3937 ebullet
515 3926 532 3947 ,
568 3894 924 3945 Mentellianus
965 3909 1014 3946 et
1055 3899 1140 3948 alii
1177 3901 1417 3965 permulti
1462 3902 1668 3950 ebulliat
1687 3937 1704 3961 ,
1741 3902 1867 3949 male
1904 3914 2135 3969 propter.

132 3964 318 4009 metrum·
345 3968 460 4019 cod.
478 3983 649 4021 noster
664 4008 677 4034 ,
699 3976 898 4025 ebullat-
