2775 4619
676 409 810 475 Ex
878 398 1189 474 L‘IBR'O
1247 404 1836 496 xvlsATm„
1987 398 1991 405 ’
2131 434 2260 503 277

1107 537 1167 591 X
1187 538 1240 591 V
1258 537 1286 591 I
1311 537 1359 591 Ι.

306 670 571 687 .......
599 632 722 689 Aut
746 630 852 709 qui
878 650 1153 689 nummos
1182 632 1363 689 tristis
1391 632 1652 691 inuncat.

1088 730 1147 786 X
1162 731 1218 784 V
1238 732 1266 786 1
1289 732 1320 785 1
1342 730 1391 786 Ι.

392 869 405 882 .
432 869 449 883 .
474 869 489 881 .
514 830 529 900 '2
555 866 889 883 .........
918 829 1220 885 Nemo'est
1240 825 1543 885 halicariu'
1567 826 1856 905 posterior
1881 840 1958 887 te.

1286 1054 1474 1075 mm

471 1226 613 1293 EX
672 1224 1008 1294 LIBRO
1068 1227 1259 1353 ,XVI
1316 1228 1986 1297 SATIRARUM.

283 1398 661 1481 Porphyrion
694 1400 757 1457 in
790 1402 990 1460 Horat.
1032 1400 1106 1459 ad
1144 1400 1295 1459 illud
1338 1401 1442 1459 lib.
1471 1406 1528 1472 Ι,
1570 1402 1666 1460 od.
1707 1422 1824 1460 20:
1865 1408 2020 1461 Dum
2043 1424 2255 1495 ,meam

210 1509 383 1553 canto
394 1500 688 1572 Lalagen.
710 1497 781 1554 Id
804 1512 921 1569 est,
948 1519 1183 1557 carmen
1209 1499 1271 1556 in
1290 1498 1542 1578 Lalagen
1565 1500 1840 1571 amicam,
1867 1503 1993 1580 ejus
2017 1502 2255 1561 nomine
2309 1558 2314 1565 .

210 1595 629 1671 compositum.
656 1594 751 1652 Sic
781 1608 839 1685 et
866 1595 1018 1653 liber
1039 1596 1253 1653 Lucilii
1280 1596 1545 1655 decimus
1576 1611 1774 1656 sextus
1796 1599 2030 1679 Collyra
2049 1601 2269 1659 inseri--

209 1689 401 1762 bitur,
430 1711 501 1749 eo
532 1690 699 1769 quod
728 1690 803 1751 de
834 1691 1070 1769 Collyra
1096 1692 1281 1750 amica
1307 1712 1414 1750 sua
1439 1693 1691 1770 scriptus
1719 1693 1811 1751 sit.

1125 1806 1137 1820 ⁶
1206 1792 1253 1847 1.

287 1885 418 1943 Ibat
441 1884 591 1944 forte
612 1885 795 1956 aries,
821 1886 1051 1967 inquit:
1076 1885 1200 1959 jam
1224 1886 1389 1963 quod
1417 1907 1624 1965 genu.
1576 1889 1624 1942 '!
1652 1876 1888 1965 quantls

284 1966 547 2039 Testihu'
558 1983 707 2039 1Vix
729 2003 851 2040 uno
879 1982 978 2039 filo
1005 1981 1133 2044 haec
1165 2001 1225 2039 se
1250 1984 1490 2040 herere.
1522 1994 1758 2061 putares

286 2078 571 2137 Pellicula
598 2077 855 2138 extrema
882 2100 957 2137 ex
980 2092 1188 2161 aptum
1218 2079 1476 2159 pendere
1502 2100 1654 2138 onus
1678 2079 1903 2159 ingens·

1172 2182 1201 2235 Ῑ
1216 2182 1264 2235 Ι.

214 2260 219 2264 ’
270 2320 599 2342 .........
624 2362 630 2368 .
628 2320 963 2334 .........
1002 2250 1245 2355 Lysippi
1270 2276 1545 2355 ,Iuppiter
1570 2276 1682 2334 ista
1755 2254 1760 2259 ⁸

288 2374 575 2456 Transivit
596 2417 615 2447 ‚
644 2374 1030 2454 quadraginta
1057 2374 1255 2432 cubita
1283 2375 1427 2432 altu’
1443 2417 1461 2446 ‚
1489 2377 1762 2432 Tarento.

1142 2475 1171 2528 Ῑ
1190 2475 1218 2528 Ι
1239 2474 1289 2528 Ι.

289 2572 413 2627 Rex
436 2573 617 2646 Cotys
644 2569 747 2628 ille
770 2569 920 2626 duos
941 2581 1147 2628 ventos
1170 2573 1456 2627 Austrum
1483 2581 1662 2647 atque
1686 2565 2052 2646 Aquilonem

288 2667 529 2726 Novisse
559 2667 749 2745 ajebat
778 2666 935 2724 solos
966 2685 1025 2723 se
1056 2665 1315 2743 demagis
1344 2666 1490 2723 istos

288 2766 374 2822 Ex
398 2764 603 2822 nimbo
631 2763 911 2822 austellos
928 2806 945 2835 ,
977 2783 1086 2820 nec
1117 2783 1288 2821 nosse
1315 2775 1523 2840 putare
1555 2781 1807 2850 necesse.

280 2859 283 2862 ’
1162 2863 1277 2922 IV.
1657 2927 1662 2932 ,

288 2959 519 3038 Legavit
551 2959 797 3038 quidam
822 2959 994 3018 uxori
1022 2958 1317 3017 mundum
1344 2978 1519 3016 omne
1547 2972 1909 3036 penumque.

286 3057 441 3128 Quid
470 3050 804 3114 mundum?
830 3057 978 3136 quid
1001 3057 1161 3115 non?
1185 3077 1323 3114 nam
1347 3055 1480 3134 quis
1505 3054 1789 3133 dijudicet
1811 3053 1962 3122 istuc
1978 3053 2018 3110 θ’

1188 3157 1261 3210 V.

289 3250 479 3308 Fundi
494 3293 511 3321 ‚
542 3250 797 3310 delectat
822 3252 1007 3310 virtus
1033 3265 1091 3310 te
1110 3294 1128 3324 ,
1148 3250 1371 3310 villicu’
1399 3247 1608 3329 paullo

286 3349 583 3406 strenuior
611 3349 661 3406 si
688 3349 949 3406 evaserit.

287 3558 360 3604 17:
377 3544 598 3593 Nonius:
618 3545 859 3592 Inuneare
872 3579 891 3602 ‚
920 3546 1063 3608 quasi
1082 3562 1179 3594 un·
1334 3563 1379 3594 ι.
1406 3545 1633 3596 Nouius:
1659 3544 1876 3608 Aluum,
1899 3557 2100 3591 rursum
2115 3557 2238 3590 con·

132 3680 137 3690 Ι
221 3639 275 3672 oo
294 3624 523 3676 ‚invadere
550 3637 601 3672 et
626 3625 890 3688 arriperes
1258 3643 1448 3674 nexum
1487 3636 1535 3674 et
1574 3625 1860 3688 colligatum
1903 3621 2170 3686 signifieat.

289 3705 363 3761 ι8
384 3697 669 3762 Charisius,
688 3705 776 3752 lib.
790 3706 840 3752 1:
858 3703 1051 3752 Alioam
1072 3705 1180 3753 sine
1333 3723 1384 3755 α.
1419 3707 1653 3755 Nonius:
1685 3704 1934 3760 Cubitum,
1959 3702 2126 3750 neutri
2152 3717 2242 3768 ge·

148 3772 151 3780 ¹
221 3783 496 3846 aspiratione
509 3783 695 3832 dictam
712 3786 921 3833 Verrius
936 3785 1110 3844 tradit,
1132 3796 1183 3833 et
1258 3788 1407 3834 neris.

206 3862 285 3924 ¹sic
308 3863 443 3910 multi
465 3863 732 3912 dixerunt.
756 3866 853 3914 nisi
874 3866 1014 3929 quod
1032 3865 1181 3938 Luoi-
1332 3867 1384 3914 3.
1397 3867 1620 3914 Nonius:
1635 3864 1891 3930 Demagzk,
1912 3865 2056 3912 valde
2071 3863 2260 3928 magis.

221 3941 342 3990 lius’
328 3961 378 3992 m
399 3947 521 3993 XV·
542 3945 695 3994 Nemo
713 3946 1055 3998 enkalicariu’
1062 3947 1120 4014 μ’.
1142 3958 1176 3997 c.
1332 3954 1384 4002 4.
1411 3947 1471 3992 A.
1494 3941 1716 4002 Gellius,
1734 3946 1822 3992 lib.
1853 3949 1941 4002 IV,
1969 3962 2080 4010 cap.
2109 3961 2164 4010 ις,

228 4037 327 4076 eum
350 4024 646 4092 aspiratione
672 4027 817 4078 dixit.
1245 4077 1250 4084 ,
1329 4023 1385 4072 5.
1421 4025 1700 4074 Priscianus
1717 4057 1734 4084 ‚
1766 4024 1855 4074 lib.
1882 4028 1974 4074 111.
