2775 4619
509 568 1102 698 SATIRAE
1183 601 1845 728 QUARTAE

571 817 576 824 ’
737 811 1831 956 ARGUMENrUM4·3

230 1047 303 1080 11(
339 1042 618 1090 QUARTA
657 1047 956 1078 STUL‘I'US
996 1046 1152 1090 REX,
1183 1046 1667 1089 CENSORESQUE
1704 1047 2089 1080 uorAnTun.

209 1171 406 1259 Prima
438 1169 622 1226 Persii
651 1170 821 1226 satira
854 1168 968 1226 fuit
1004 1170 1067 1226 in
1103 1169 1288 1227 malos
1325 1169 1677 1246 ineptosque
1710 1172 1913 1246 poe'tas
1946 1172 2197 1250 scripta,

135 1289 190 1333 et
207 1275 508 1354 imprimis
527 1277 588 1333 in
612 1279 907 1334 Neronem
931 1295 1139 1334 eorum
1163 1273 1579 1353 coryphaeum:
1605 1274 1713 1332 hac
1738 1288 1935 1334 autem
1961 1275 2197 1354 quarta,

135 1384 444 1460 politicam
477 1383 763 1462 principis
804 1382 1159 1460 aggreditur.
1208 1385 1389 1440 Porro
1435 1394 1551 1440 tres
1597 1394 1790 1460 partes
1833 1394 1971 1440 sunt
2008 1383 2199 1442 satirae

137 1487 308 1568 hujus
334 1511 348 1546 ι
376 1487 573 1568 prima
590 1533 606 1560 ,
632 1488 1010 1568 reprehendit
1031 1493 1329 1547 Neronem
1346 1533 1363 1561 ‚
1392 1489 1559 1567 quod
1580 1489 1852 1548 nondum
1874 1493 1993 1547 XX
2010 1510 2197 1549 annos

135 1611 300 1654 natus
319 1640 336 1668 ‚
361 1609 424 1654 et
453 1608 618 1654 tanto
647 1597 836 1675 impar
865 1597 1062 1668 oneri,
1097 1597 1385 1676 quodque
1419 1597 1756 1655 domesticis
1784 1610 2014 1656 tantum
2040 1598 2197 1656 vitiis

136 1703 355 1774 clarus,
385 1705 596 1781 paucis
621 1703 946 1762 admodum
987 1705 1269 1762 immixtis
1307 1704 1482 1763 bonis
1510 1704 1816 1782 (nondum
1845 1705 2001 1762 enim
2034 1717 2196 1763 totus

135 1811 471 1866 innotuerat
502 1810 727 1886 Nero),
759 1811 861 1868 sed
899 1811 1059 1869 inani
1091 1813 1384 1891 majorum
1416 1791 1660 1868 s'uorum
1698 1809 1883 1889 gloria
1915 1824 2152 1868 tumens
2172 1855 2192 1883 ‚

138 1915 567 1992 rempublicam
593 1917 916 1996 susceperit
934 1915 1411 1996 gubernandam3
1440 1915 1598 1974 haud
1624 1917 1820 1974 minus
1836 1960 1853 1987 ‚
1881 1915 1990 1974 hac
2012 1917 2076 1974 in
2098 1937 2192 1987 re,

135 2021 370 2080 insanus
389 2066 407 2094 ‚
440 2019 624 2100 quam
653 2024 946 2102 pannucia
974 2024 1180 2082 Baucis
1201 2066 1219 2095 ‚

419 2155 567 2206 Cum
593 2155 734 2208 bene
757 2155 1025 2208 discincto
1056 2155 1350 2209 cantaverit
1383 2155 1557 2206 ocima
1580 2173 1761 2207 vernae

138 2250 449 2357 (1—2'2).
489 2279 762 2338 Secunda
797 2299 974 2351 vero,
998 2279 1265 2338 versibus
1306 2279 1480 2359 plane
1518 2279 1743 2351 aurei8‚
1770 2279 2027 2339 ostendit
2062 2276 2191 2338 fieri

133 2404 246 2443 non
270 2405 448 2463 posse
464 2428 481 2453 ‚
508 2397 575 2442 ut
598 2386 738 2443 vitia
761 2388 1050 2465 cujusque
1073 2386 1177 2443 diu
1202 2386 1449 2457 lateant,
1474 2386 1763 2463 imprimis
1779 2387 1891 2445 viri
1906 2386 2186 2465 potentis,

135 2510 234 2547 nec
259 2512 388 2549 non
415 2490 734 2569 principis3
761 2488 900 2549 cum
928 2492 1006 2549 ita
1033 2493 1106 2549 sit
1134 2512 1167 2549 a
1196 2504 1403 2550 natura
1426 2506 1831 2571 comparatum
1849 2537 1867 2564 ‚
1893 2506 1962 2550 ut
1984 2512 2189 2552 omnes
2216 2488 2220 2496 “

135 2597 188 2655 in
211 2599 354 2655 vitia
382 2598 575 2655 aliena
602 2598 856 2657 libenter
883 2599 1215 2677 inquirant,
1245 2620 1492 2658 suorum
1520 2601 1709 2657 securi
1732 2622 1745 2656 :
1778 2620 1912 2657 nam
1929 2642 1945 2670 ‚

413 2729 690 2783 Caedimus
707 2769 723 2794 ‚
746 2731 916 2802 inque
937 2732 1112 2784 vicem
1135 2732 1444 2802 praebemus
1468 2749 1627 2781 crura
1650 2730 1877 2801 sagittis.

412 2818 639 2869 Vivitur
666 2819 770 2870 hoc
795 2828 975 2889 pacto:
1005 2818 1093 2869 Sic
1123 2818 1380 2873 novimus
1405 2838 1417 2868 ε
1450 2818 1541 2869 ilia
1569 2818 1759 2869 subter

411 2908 636 2959 Vulnus
659 2908 854 2971 habes,
885 2922 970 2961 etc
973 2945 1349 2958 ........
1350 2889 1355 2898 ’
1389 2943 1769 2958 ........

136 3032 235 3107 (23
255 3065 338 3078 —-
362 3033 501 3111 43).
542 3032 738 3091 Tertia
775 3033 1049 3103 tandem,
1081 3033 1157 3089 ad
1191 3035 1489 3089 Neronem
1523 3029 1704 3100 redit,
1742 3048 2001 3107 eumque
2037 3029 2183 3089 hor-

137 3149 315 3211 tatur,
347 3160 426 3197 ne
457 3122 571 3195 sibi
611 3138 858 3216 aliisque
901 3139 1110 3197 fucum
1155 3124 1366 3209 faciat3
1412 3136 1797 3213 animumque
1841 3156 1873 3193 a
1917 3138 2183 3215 pessimis

135 3246 534 3305 adulatoribus
561 3260 824 3305 avertens
843 3290 860 3318 ‚
887 3248 949 3304 in
980 3266 1040 3305 se
1071 3245 1389 3303 descendat
1408 3289 1425 3317 ,
1458 3258 1518 3302 et
1543 3245 1669 3323 ipse
1698 3242 2055 3317 consideret,

413 3378 595 3443 Quam
629 3377 698 3429 sit
727 3376 828 3428 sibi
859 3390 1010 3431 curta
1045 3376 1326 3447 supellex,

131 3500 188 3559 id
228 3516 351 3574 est,
392 3498 575 3579 quam
615 3502 938 3579 imparatus
984 3502 1058 3558 sit
1102 3501 1176 3557 iis
1220 3500 1444 3559 artibus
1470 3544 1486 3569 ,
1535 3482 1788 3578 quarum
1836 3499 2045 3557 notitia
2086 3518 2182 3556 re-

135 3610 381 3686 quiritur
435 3608 511 3665 ad
555 3608 706 3667 bene
758 3607 1126 3685 feliciterque
1184 3606 1616 3685 rempublicam
1659 3603 2181 3663 administrandam

136 3716 234 3791 (44
251 3750 334 3762 -
349 3717 422 3773 52
443 3717 486 3793 ).

205 3825 384 3879 Tecto
413 3834 614 3879 tamen
657 3834 716 3879 et
757 3822 947 3879 obiter
968 3865 984 3891 ‚
1017 3822 1128 3879 sub
1169 3840 1416 3899 persona
1456 3818 1813 3901 alcibiadis,
1833 3822 2175 3889 Neronem,

139 3924 390 4007 aliosque
419 3928 928 4006 depravatissimos
949 3929 1228 4007 juvenes,
1263 3948 1415 4007 quos
1442 3927 1543 3992 ille
1572 3928 1635 3985 in
1661 3925 1975 3986 consilium
2002 3908 2180 3983 suum
