2775 4619
514 385 626 457 IN
674 383 1020 450 PERsn
1070 383 1527 454 SATmAM
1564 385 1645 454 v.
1971 380 2096 480 i95

145 515 213 572 V.
245 511 382 582 145.
425 513 587 569 Urna
623 497 878 584 cicuta}
901 511 1103 569 Cicuta
1122 511 1248 606 (22)
1289 494 1547 572 calorem
1578 515 1642 574 in
1668 514 1838 575 nobis
1864 515 2097 595 frigoris

81 613 162 670 sui
175 613 231 671 vi
248 611 569 690 extinguit:
594 609 755 668 unde
783 610 1110 670 sacerdotes
1131 611 1355 702 Cereris
1373 610 1685 672 Eleusiniae
1712 614 1941 694 liquore
1964 616 2093 695 ejus

82 709 436 788 ungebantur
453 749 472 781 ,
497 721 568 766 ut
589 728 625 766 a
650 708 974 768 concubitu
998 708 1376 770 abstinerent.

145 835 215 890 V.
252 830 386 890 153.
417 833 736 908 Hoc-quod
757 835 965 908 loquor
984 833 1120 888 inde
1147 838 1270 903 esa]
1300 833 1611 892 Horatius:
1659 847 1666 854 ·

419 969 556 1016 Dum
575 967 861 1033 loquimur,
887 967 1014 1034 fugit
1038 966 1211 1018 invida
1237 978 1368 1020 πω.

152 1091 220 1144 V.
261 1090 394 1146 161.
425 1092 629 1160 Dave,
661 1091 808 1159 cito,
840 1089 950 1146 hoc
979 1089 1227 1160 credas.]
1256 1089 1429 1147 Hunc
1451 1088 1653 1148 locum
1687 1109 1765 1150 ex
1790 1090 2101 1152 Menandri

89 1183 362 1244 Eunucho
385 1186 558 1244 traxit
573 1229 590 1258 ‚
608 1185 671 1243 in
693 1205 814 1263 quo
828 1189 1060 1244 Davum
1079 1206 1310 1244 servum
1329 1185 1746 1259 Chaerestratus
1764 1187 2103 1248 adolescens

88 1281 397 1360 alloquitur
422 1326 442 1354 ‚
473 1294 755 1360 tanquam
782 1303 980 1341 amore
1011 1283 1312 1362 Chrysidis
1346 1284 1667 1343 meretricis
1702 1285 2017 1368 derelictus
2034 1291 2097 1343 *2

91 1379 348 1458 idemque
377 1393 575 1438 tamen
609 1379 684 1438 ab
725 1399 790 1438 ea
831 1387 1135 1438 revocatus
1173 1382 1250 1439 ad
1283 1381 1449 1440 illam
1474 1381 1645 1440 redit.
1674 1381 1855 1462 Apud
1880 1385 2103 1442 Teren-

90 1476 222 1534 tium
239 1519 256 1548 ‚
287 1495 554 1556 personae
581 1476 906 1535 immutatae
931 1488 1088 1535 sunt.
1400 1469 1407 1480 ’

156 1602 225 1656 V.
258 1599 392 1658 165.
423 1603 503 1657 Et
526 1601 675 1656 udas
708 1600 1044 1675 Chrysidem
1075 1599 1236 1660 Udas
1263 1600 1419 1659 fores
1446 1600 1625 1671 dixit,
1651 1621 1798 1681 quas
1819 1616 2103 1662 amatores

95 1695 263 1754 solent
289 1711 599 1776 unguento
634 1697 1019 1788 perfundere3
1049 1708 1110 1755 et
1144 1709 1276 1755 ante
1309 1699 1553 1778 januam
1591 1697 1827 1758 illarum
1866 1713 2105 1760 noctem

93 1793 285 1872 vigiliis
301 1840 317 1867 ,
346 1808 408 1854 et
434 1807 610 1852 cantu
639 1795 982 1888 transigere.

161 1921 227 1974 V.
259 1941 387 1994 177.
419 1921 608 1995 Vigila
635 1931 696 1974 et
716 1919 904 1989 cicera]
928 1917 1110 1976 Ludis
1127 1917 1457 1977 Floralibus
1477 1918 1675 1981 ,omnia
1698 1919 1918 1978 semina
1941 1938 2106 1998 spar-

95 2013 358 2092 gebantur
372 2016 435 2074 in
455 2015 749 2094 populum
760 2059 776 2086 ,
795 2028 864 2073 ut
888 2014 1064 2074 tellus
1081 2015 1246 2074 velut
1265 2015 1611 2074 muneribus
1624 2015 1745 2074 suis
1759 2015 2105 2094 placaretur.

161 2142 227 2195 V.
264 2141 393 2198 180.
414 2141 664 2196 Herodis·
681 2139 896 2196 vendre
919 2139 1084 2209 dies]
1109 2139 1372 2197 Herodes
1400 2132 1559 2217 apud
1582 2141 1616 2197 J
1619 2138 1819 2198 udaeos
1845 2139 2108 2220 regnavit

97 2237 440 2314 temporibus
457 2235 732 2316 Augusti,
749 2236 810 2294 in
835 2235 1096 2315 partibus
1111 2237 1307 2315 Syriae.
1321 2235 1775 2317 Herodiani(23)
1786 2255 1925 2317 ergo
1948 2235 2107 2294 diem

97 2334 326 2393 natalem
348 2333 602 2393 Herodis
622 2334 930 2392 observant
947 2378 962 2405 ‚
989 2346 1057 2391 ut
1081 2333 1258 2392 etiam
1277 2332 1548 2393 sabbata:
1575 2353 1697 2413 quo
1720 2335 1817 2394 die
1839 2334 2111 2398 lucernas

97 2446 339 2491 accensas
355 2476 373 2505 ‚
403 2444 465 2490 et
489 2432 661 2489 violis
687 2420 990 2489 coronatas
1015 2432 1079 2491 iu
1109 2431 1374 2491 fenestris
1406 2444 1658 2511 ponunt.

163 2558 229 2611 V.
260 2559 389 2627 181..
411 2560 786 2633 Recutz’taque
813 2559 1102 2628 sabbata]
1127 2557 1400 2615 Instituta
1420 2560 1455 2615 J
1457 2557 1763 2617 udaeorum
1791 2556 2107 2637 siginificat,

99 2665 316 2729 propter
334 2648 843 2714 circumcisionem
859 2696 876 2724 ,
901 2674 1080 2733 quam
1097 2697 1117 2725 ‚
1139 2666 1409 2712 auctores
1425 2674 1563 2713 suos
1574 2654 1601 2682 *
1618 2655 1835 2745 secuti,
1863 2654 2106 2713 faciunt.

166 2778 232 2832 V.
261 2776 392 2837 185.
433 2779 664 2855 Ovoque
675 2779 950 2854 pericula
977 2784 1184 2855 rupta]
1214 2777 1555 2836 Sacerdotes
1576 2778 1711 2857 qui,
1736 2774 2111 2855 explorandis

101 2870 385 2946 periculis„
414 2894 575 2933 sacra
601 2874 920 2946 faciebant,
945 2874 1254 2935 ‚observare
1275 2872 1542 2933 solebant
1568 2893 1748 2933 ovum
1776 2874 1899 2953 igni
1921 2873 2111 2951 impo-

101 2967 285 3041 situm,
301 2985 508 3031 utrum
525 2973 586 3033 in
608 2974 796 3052 capite
811 3014 827 3043 ,
846 2972 1002 3031 auin
1025 2971 1202 3031 latere
1223 2972 1552 3031 desudaret.
1570 2972 1630 3031 Si
1644 2982 1841 3028 autem
1861 2982 2109 3049 ruptum

101 3063 384 3128 effluxerat
398 3112 417 3139 ‚
447 3070 782 3147 periculum
811 3071 868 3129 ei
902 3069 1290 3150 portendebat
1321 3088 1432 3148 pro
1468 3088 1590 3147 quo
1627 3069 1849 3126 factum
1884 3068 2074 3127 fuerat
2090 3108 2109 3139 ,

102 3161 183 3218 vel
205 3164 285 3222 rei
311 3166 586 3225 familiari
611 3169 758 3247 ejus·

167 3276 235 3333 V.
265 3280 397 3338 186.
435 3280 578 3338 Clam
597 3283 767 3337 sistro
791 3284 953 3339 lusca
973 3282 1284 3353 sacerdos-,1
1313 3279 1565 3341 sistrum
1586 3278 1916 3343 sacerdotes
1940 3278 2113 3338 Isidis

103 3385 333 3447 portant.
359 3382 552 3436 Lusca
575 3389 774 3439 autem
791 3423 809 3452 ,
836 3378 971 3437 ideo
997 3376 1165 3457 quod
1191 3378 1429 3437 nubiles
1456 3378 1751 3449 deformes
1766 3422 1784 3448 ‚
1814 3375 1953 3437 cum
1978 3395 2109 3437 ma·

103 3467 227 3531 titos
249 3488 374 3537 non·
397 3476 730 3537 invenerint
743 3520 761 3553 ,
783 3476 862 3537 ad
885 3476 1206 3537 ministeria
1227 3480 1493 3541 Deorum
1512 3496 1575 3541 se
1602 3475 1924 3543 conferant·

914 3730 1291 3753 mmmm

1631 4025 1760 4165 k13.
