2775 4619
376 197 404 228 Ὀ

537 563 663 668 c.
763 529 1390 667 LUCILII
1460 562 1821 665 VITA

141 791 198 856 E
243 791 808 858 FRANCISCI
848 791 1236 857 DOUSAE
1287 791 1592 857 NOTIS
1636 791 2195 862 EXCERPTA.

147 1136 504 1245 Arm-nou
521 1196 610 1235 Au
642 1193 882 1256 operam
918 1193 1110 1237 meam
1143 1177 1409 1258 reliquiis
1438 1179 1653 1238 Lucilii
1680 1178 2090 1258 commodem,
2114 1196 2208 1240 res

149 1273 284 1352 ipsa
317 1274 625 1353 postulare
641 1275 922 1346 videtur,
955 1289 1025 1334 ut
1055 1297 1239 1356 pauca
1275 1278 1442 1356 prius
1483 1277 1556 1335 de
1592 1277 1751 1356 ipso,
1784 1299 2023 1357 genere,
2051 1278 2205 1350 vita,

149 1387 220 1429 ac
259 1370 529 1449 denique
565 1370 793 1451 scriptis
833 1374 991 1447 ejus,
1015 1391 1148 1452 quae
1186 1375 1411 1433 fortean
1450 1374 1548 1431 cui
1588 1377 1891 1454 negotium
1927 1376 2209 1435 facessere
2284 1392 2290 1398 ·

149 1482 430 1546 possent,
442 1469 768 1547 expediam.
784 1471 1045 1528 Primum
1058 1472 1255 1550 itaque
1269 1491 1484 1530 moneo
1500 1492 1716 1532 nomen
1729 1473 1913 1552 ipsius
1928 1478 2073 1531 Lum
2081 1491 2211 1532 mus

155 1566 426 1645 simplici
450 1571 478 1622 l
497 1567 723 1644 ubique
752 1567 1222 1641 rescribendum,
1242 1589 1363 1627 non
1390 1574 1740 1642 Lucanus,
1759 1582 1829 1628 ut
1842 1571 1965 1650 jam
1993 1571 2211 1648 passim

154 1677 477 1743 receptum
506 1664 698 1721 video.
719 1667 921 1723 Testes
953 1685 1156 1736 omnes
1183 1679 1407 1725 veteres
1434 1666 1571 1726 libri
1599 1679 1719 1726 tam
1745 1667 1949 1725 formis
1976 1666 2211 1735 excusi,

157 1759 350 1839 quam
379 1780 561 1819 manu
585 1763 833 1834 exarati,
863 1765 1194 1834 Ciceronis,
1219 1763 1480 1836 Horatii,
1508 1765 1693 1836 Festi,
1722 1765 1899 1824 Nonii
1917 1807 1934 1834 ,
1963 1778 2022 1823 et
2056 1765 2211 1822 alio-

157 1877 300 1918 rum
320 1901 338 1930 ‚
373 1859 480 1937 qui
511 1860 842 1919 testimonia
881 1863 1009 1940 ejus
1047 1863 1259 1940 saepius
1295 1862 1613 1920 advocant:
1638 1862 1701 1920 in
1734 1849 1953 1941 quibus
1982 1882 2217 1940 semper

159 1961 450 2015 Lucrum
490 1957 753 2018 disertim
792 1979 1136 2038 expressum
1174 1959 1433 2017 invenies
1450 2003 1467 2031 ,
1500 1979 1699 2037 neque
1743 1977 2009 2037 unquam
2044 1958 2214 2017 aliter

161 2056 226 2113 in
255 2054 560 2132 lapidibus
587 2057 826 2135 priscis3
859 2057 934 2114 ad
964 2057 1134 2135 cujus
1164 2057 1250 2114 rei
1284 2056 1465 2114 fidem
1496 2056 1902 2115 stabiliendam
1932 2056 2082 2115 hanc
2114 2056 2215 2114 in-

163 2172 348 2232 super
387 2153 792 2212 auctoritatem
835 2153 1090 2212 addebat
1124 2153 1212 2211 vir
1255 2155 1420 2212 omni
1457 2153 1633 2212 laude
1683 2166 1743 2212 et
1780 2153 2000 2212 invidia
2027 2156 2221 2234 major

163 2255 198 2308 J
203 2248 468 2329 osephus
491 2251 748 2331 Scaliger
765 2295 781 2325 ,
809 2253 943 2311 cum
987 2253 1042 2311 ei
1088 2271 1280 2311 meam
1317 2264 1574 2311 mentem
1603 2251 1979 2332 aperuissem.
2012 2252 2219 2331 Siqui-

165 2349 309 2409 dem
327 2391 346 2420 ,
375 2361 598 2407 veteres
625 2349 786 2408 haud
813 2350 983 2408 aliter
1011 2353 1042 2407 1
1075 2349 1426 2428 productam
1446 2339 1475 2421 ‚'
1496 2348 1678 2429 quam
1708 2352 1785 2408 EI
1819 2350 2217 2430 diphtongum

167 2448 478 2505 enuntiare
527 2446 730 2505 solitos
755 2489 772 2517 ,
812 2447 979 2526 quod
1022 2467 1094 2505 ex
1139 2448 1520 2526 antiquorum
1561 2459 2085 2507 monumentorum
2124 2448 2219 2506 in·

169 2544 591 2623 scriptionibus
607 2544 855 2623 probare
875 2564 1306 2623 supervacuum
1328 2546 1527 2615 fuerit,
1543 2558 1721 2623 atque
1743 2545 1880 2602 hinc
1898 2549 2221 2605 Lucrinus

171 2642 384 2701 eadem
424 2643 647 2701 ratione
693 2644 814 2721 qua
860 2644 1209 2699 Summus
1256 2643 1432 2701 scribi
1468 2642 1765 2700 veteribus
1805 2642 2175 2699 consuevisse
2196 2685 2215 2713 ,

172 2742 376 2819 itaque
389 2740 832 2800 rescribendum
845 2738 1005 2818 apud
1015 2739 1342 2797 Martialem
1360 2738 1519 2797 hunc
1539 2740 1723 2817 ipsius
1732 2738 1946 2796 Lucilii
1957 2758 2214 2797 versum:

530 2858 724 2907 Luceili
739 2858 1022 2913 Columella
1047 2857 1162 2907 heic
1188 2858 1290 2931 situ
1317 2857 1688 2922 Metrophanes.

177 2982 302 3041 quo
329 2961 676 3019 salebrosior
701 2961 1143 3039 quodammodo
1177 2962 1278 3032 sit,
1313 2973 1374 3019 et
1403 2960 1812 3038 antiquitatem
1848 2960 2033 3038 magis
2050 2960 2235 3039 ,resiff
2314 3025 2318 3029 .

181 3060 304 3138 piat
319 3104 338 3131 ,
365 3059 536 3133 cujus
563 3057 748 3138 gratia
783 3080 936 3133 eum·
955 3058 1160 3116 laudat
1193 3057 1495 3116 Martialis.
1526 3056 1810 3115 Eamdem
1837 3076 2015 3135 porro
2045 3057 2222 3117 ratio-

181 3178 320 3215 nem
341 3157 404 3214 in
425 3159 702 3215 Snnvxmo
727 3156 990 3215 obtinere
1014 3156 1264 3234 probant
1285 3150 1761 3213 nummi'veteres
1778 3199 1795 3227 ,
1822 3175 1974 3233 quos
1998 3168 2223 3215 exstare
2312 3184 2315 3187 ·

183 3275 306 3313 non
345 3274 563 3332 paucos
589 3254 710 3312 vidi
733 3298 749 3325 ‚
779 3274 921 3313 cum
963 3252 1056 3312 his
1092 3254 1285 3312 notis:
1319 3256 1382 3311 C.
1429 3255 1815 3325 Summum
1846 3272 1983 3311 nam
2010 3274 2245 3312 vocem.

184 3353 335 3411 hanc
351 3352 606 3411 secunda
627 3351 850 3429 syllaba
869 3351 1224 3431 productam
1233 3350 1350 3428 legi
1364 3349 1580 3408 debere
1599 3350 1737 3407 satis
1749 3350 1990 3421 indicat,
2012 3361 2223 3428 praeter

187 3450 396 3509 silium
421 3449 696 3507 Italicum
730 3448 890 3527 apud
929 3468 1110 3526 quem
1151 3447 1427 3526 saepicule
1462 3467 1593 3527 eam
1620 3449 1877 3527 reperias
1895 3491 1911 3521 ,
1942 3445 2222 3505 Claudia-

193 3566 300 3605 uus
319 3590 337 3619 ‚
367 3544 471 3605 lib.
497 3550 527 3603 I
541 3589 558 3618 ,
582 3547 645 3605 in
669 3545 1021 3623 Eutropium
1041 3588 1058 3616 ,
1086 3544 1200 3603 hoc
1221 3566 1429 3602 versu:
1601 3528 1607 3535 ’

539 3661 819 3711 Indomitos
847 3678 998 3709 curru
1026 3661 1264 3710 Servilius
1292 3642 1394 3727 egit
1420 3664 1631 3711 Isauros*

191 3767 344 3827 unde
370 3765 678 3825 manifesta
713 3764 968 3842 suspicio
1005 3778 1093 3823 est
1123 3784 1356 3823 versum
1389 3764 1563 3823 illum
1597 3764 1803 3838 Ennii,
1832 3782 2012 3842 quem
2029 3806 2047 3837 ,
2075 3762 2229 3823 iuter

192 3866 364 3941 alios,
393 3869 468 3925 A.
497 3863 759 3933 Gellius,
789 3862 892 3919 lib.
919 3864 1036 3920 XII
1054 3905 1071 3934 ,
1099 3882 1228 3941 cap.
1260 3872 1294 3931 4
1313 3906 1330 3933 ,
1359 3862 1672 3941 producit:

539 3982 692 4031 Hunc
718 3980 848 4029 inter
872 3992 1065 4049 pugnas
1093 3978 1364 4045 compellat
1390 3978 1630 4031 Servilius
1654 3977 1739 4026 sic.
