2775 4619
547 309 678 376 226
1141 305 1213 370 C.
1274 303 1669 370 LUCILII
1731 303 1998 373 VITA.

544 445 688 492 nota
724 430 1006 510 deceptos
1037 429 1306 490 librarios
1342 451 1459 509 pro
1494 433 1703 490 XXIII
1734 433 1906 492 nobis
1942 432 2139 493 XLIII
2172 435 2601 500 succidaneum

545 531 771 590 fecisse.
800 529 1152 589 Nominatur
1177 539 1238 588 et
1263 530 1558 586 comoedia
1588 532 1802 588 Lucilii
1828 531 1991 610 apud
2016 545 2273 592 veterem
2304 535 2602 616 interpre-

544 635 666 688 tem
705 627 932 688 Horatii
945 670 963 698 ,
995 639 1054 685 et
1087 629 1344 684 Lucilius
1381 631 1640 685 comz‘cus‘
1676 629 1837 707 apud
1874 627 2252 708 Fulgentium
2282 633 2361 691 de
2397 636 2601 713 prisco

545 745 818 786 sermone
839 769 856 797 ,
896 745 1078 804 quem
1121 745 1242 784 non
1284 743 1410 784 esse
1458 725 1739 784 eumdem
1784 745 1925 784 cum
1966 741 2171 787 nostro
2220 737 2395 808 poeta
2441 752 2597 810 pene

545 837 820 903 praestare
846 823 1070 893 ausim3
1097 822 1279 900 idque
1307 841 1380 880 eo
1408 823 1594 902 magis
1620 823 1788 902 quod
1817 824 1880 881 in
1904 826 2085 884 veteri
2112 825 2268 884 libro
2296 829 2601 906 Fulgentii

545 923 803 980 Lucretii
833 922 1044 977 comici
1069 939 1290 978 nomen
1317 921 1599 978 exstabat.
1631 921 1930 980 Illum-iss·
1958 935 2155 982 autem
2186 925 2449 1004 Scaliger
2484 931 2601 983 Ru-

545 1022 730 1076 tilium
747 1017 1158 1096 reponendum
1175 1017 1425 1096 putabat
1444 1061 1462 1089 ‚
1492 1037 1675 1096 quem
1696 1018 1836 1077 citat
1852 1019 2010 1078 idem
2027 1016 2367 1080 Planciades
2382 1067 2398 1096 ,
2428 1035 2493 1080 et
2510 1037 2603 1083 est

544 1116 648 1174 ille
665 1160 682 1188 ,
711 1115 882 1190 cujus
906 1115 1301 1174 meminerunt
1325 1115 1531 1174 Cicero
1556 1120 1587 1174 1
1612 1115 1689 1176 de
1716 1105 1906 1176 Finib.
1938 1116 2090 1176 libro
2115 1139 2128 1175 :
2160 1119 2304 1200 item
2332 1119 2605 1178 Velleius

542 1213 904 1274 Paterculus.
934 1215 1058 1292 Ego
1083 1225 1188 1271 aut
1213 1214 1521 1284 Luscium,
1550 1225 1653 1272 aut
1684 1216 1971 1272 Licinium
1985 1257 2007 1286 ‚
2034 1227 2141 1274 aut
2170 1216 2350 1274 etiam
2384 1219 2603 1294 Turpi-

546 1316 689 1370 liam
733 1311 1052 1391 utrobique
1097 1311 1581 1392 substituendum
1634 1312 1915 1390 putabam
1945 1356 1963 1386 ,
2012 1333 2275 1392 quorum
2324 1317 2603 1374 omnium

543 1409 994 1480 comoediarum,
1013 1414 1228 1488 proeter
1242 1408 1411 1480 alios,
1426 1409 1732 1468 Volcatius
1746 1410 2043 1490 Sedigitas
2060 1409 2222 1490 apud
2240 1415 2311 1469 A.
2332 1411 2606 1472 Gellium

543 1507 846 1579 meminit,
875 1520 933 1568 et
953 1507 1219 1566 vicinitas
1241 1506 1569 1566 litterarum
1594 1506 1765 1566 facile
1792 1497 2171 1585 imposuerit,
2198 1527 2319 1568 non
2342 1510 2486 1567 satis
2516 1521 2611 1568 at·-

543 1619 710 1666 tento
742 1605 1000 1665 librario.
1029 1609 1168 1664 Uno
1196 1605 1341 1664 item
1367 1604 1535 1676 loco,
1558 1600 1721 1682 apud
1742 1605 2035 1678 Nonium,
2061 1609 2322 1664 Lucilius
2344 1609 2612 1664 Semne

545 1703 794 1772 citatur,
825 1721 948 1780 quo
978 1703 1220 1761 nomine
1245 1705 1433 1760 Varro
1468 1702 1705 1759 satiram
1736 1701 2131 1780 Menippaeam
2159 1704 2509 1780 scripserat,
2539 1715 2615 1762 ut

544 1801 760 1878 probat
779 1799 940 1858 idem
963 1800 1376 1879 grammat-icus
1390 1842 1407 1870 ,
1432 1788 1681 1857 diversis
1700 1800 2051 1857 testimoniis
2070 1819 2141 1858 ex
2160 1821 2231 1860 eo
2251 1800 2575 1878 productis
2584 1824 2607 1874 3
2720 1805 2722 1812 '

546 1897 710 1956 unde
749 1899 1079 1976 suspicatus
1116 1897 1204 1955 fui
1242 1915 1475 1974 semper
1510 1896 1617 1954 has
1640 1915 1814 1956 voces
1847 1915 2157 1977 perperam
2186 1899 2498 1975 scripton‘s
2526 1899 2613 1956 li·

546 1996 728 2056 brarii
775 1995 1080 2054 oscitantia
1133 1995 1420 2054 coaluisse
1438 2037 1455 2066 ‚
1500 2013 1568 2052 ac
1620 1992 1937 2053 desiderari
1988 1993 2213 2057 ibidem
2257 1996 2615 2075 exemplum

546 2092 806 2164 Lucilii,
847 2105 906 2152 et
945 2111 1166 2153 nomen
1191 2093 1472 2152 Varronis
1500 2134 1517 2163 ,
1560 2103 1621 2150 et
1664 2091 1909 2170 quidem
1947 2091 2011 2151 id
2052 2111 2239 2172 genus
2274 2111 2517 2152 errores
2550 2096 2615 2153 in
2720 2131 2722 2174 j

455 2217 462 2222 ·
547 2191 746 2250 Nonio
785 2211 820 2248 a
863 2191 1293 2270 negligentibus
1337 2189 1592 2248 librariis
1618 2231 1636 2262 ,
1674 2189 1822 2248 locis
1870 2208 2055 2269 prope
2102 2190 2345 2249 infinitis
2370 2235 2390 2264 ,
2432 2209 2615 2250 com-

549 2289 789 2362 missos,
817 2301 876 2348 et
893 2289 992 2348 alii
1009 2288 1572 2359 animadverterunt,
1592 2297 1651 2347 et
1673 2304 1783 2347 nos
1802 2289 1926 2369 jam
1946 2307 2097 2367 saepe
2116 2288 2572 2351 observavimus
2596 2312 2611 2347 :

550 2387 791 2467 qualem
817 2388 995 2446 etiam
1022 2386 1195 2445 illum
1225 2399 1376 2465 puto
1392 2428 1408 2457 ‚
1435 2384 1933 2465 quandocumque
1960 2390 2219 2445 Lucilius
2240 2390 2509 2464 Hymnus
2531 2390 2617 2447 ci·-

551 2496 741 2556 mnu-3
771 2501 908 2565 nam
939 2484 1301 2565 Hymnidem
1329 2482 1592 2563 fabulam
1626 2502 1700 2542 ex
1729 2476 2055 2543 Menandro
2090 2485 2362 2543 Latinam
2390 2486 2621 2545 fecerat

553 2582 828 2643 Caecilius
845 2624 862 2655 ,
891 2601 964 2641 ex
999 2600 1118 2661 qua
1147 2582 1480 2641 testimonia
1520 2582 1835 2661 aliquoties
1867 2582 2228 2641 advocantur
2254 2604 2289 2643 a
2318 2586 2528 2643 Nonio
2558 2596 2621 2643 et

553 2682 728 2740 Festo
750 2721 768 2752 ,
795 2680 1180 2758 ejusdemque
1214 2679 1484 2738 meminit
1519 2678 1741 2738 Cicero.
1781 2680 1899 2740 Sed
1935 2679 2257 2739 hactenus:
2287 2700 2407 2741 nec
2444 2682 2617 2761 plura

557 2778 716 2837 addo
741 2778 818 2838 de
844 2779 1010 2857 ipso;
1041 2788 1272 2837 transeo
1297 2778 1374 2835 ad
1402 2776 1699 2857 reliquias.
2116 2792 2121 2801 ·

1347 2981 1811 3007 mmmm

644 3139 824 3212 Quod
855 3152 1077 3220 spectat
1107 3140 1186 3200 ad
1217 3139 1551 3201 testimonia
1575 3152 1841 3199 veterum
1876 3140 1955 3199 de
1988 3140 2252 3214 Lucilio,
2278 3142 2443 3202 nihil
2459 3187 2477 3216 ‚
2508 3146 2619 3203 boc
2719 3149 2720 3167 ¹

563 3237 731 3307 loco,
751 3240 926 3296 nobis
949 3239 1270 3298 dicendum
1289 3240 1576 3299 arbitror:
1604 3257 1673 3295 ea
1696 3236 1855 3296 enim
1878 3250 2017 3297 sunt
2038 3228 2373 3297 innumera.
2398 3244 2623 3299 Omnes

564 3335 878 3413 scriptores
915 3337 1106 3395 Latini
1149 3339 1444 3396 Lucilium
1486 3335 2029 3413 satirographomm
2068 3336 2411 3415 principem
2452 3316 2621 3397 xiobis

565 3446 1007 3514 proposuerunt
1023 3433 1364 3511 legendum.
1382 3438 1473 3493 De
1490 3454 1563 3493 eo
1577 3434 1713 3491 vide
1729 3417 2020 3511 imprimis
2038 3433 2393 3513 Ciceronem
2405 3478 2426 3506 ,
2449 3436 2557 3494 lib.
2576 3438 2621 3507 1,

565 3533 644 3591 de
663 3535 912 3590 Oratore
925 3572 944 3602 ,
972 3531 1074 3589 lib.
1093 3535 1152 3589 ΙΙ
1167 3574 1186 3604 ,
1207 3534 1431 3591 ibidem
1444 3574 1462 3605 ,
1486 3530 1765 3591 Academ.
1785 3534 2008 3603 Quaest.
2031 3528 2138 3590 lib.
2159 3534 2619 3605 113‘Horatium,

566 3632 673 3691 lib.
709 3634 739 3689 1
785 3634 966 3691 Serm.
1003 3640 1108 3689 sat.
1157 3639 1228 3703 4,
1269 3644 1376 3690 sat.
1424 3648 1495 3689 ιο
1524 3675 1543 3702 ,
1580 3629 1686 3690 lib.
1724 3633 1784 3689 11
1818 3632 2006 3689 Serm.
2048 3643 2153 3688 sat.
2199 3652 2225 3688 1
2255 3652 2279 3701 ς
2312 3628 2619 3701 Persium,

570 3741 658 3805 sat
691 3750 716 3785 1
744 3752 762 3801 ς
791 3728 1258 3801 Quintilianum,
1289 3728 1397 3785 lib.
1416 3731 1519 3800 X,
1550 3748 1677 3807 cap.
1718 3740 1744 3787 t
1790 3728 1982 3787 Instit.
2014 3730 2179 3787 Orat.
2216 3728 2367 3787 ibid.
2408 3730 2521 3787 lib.
2560 3730 2615 3795 Ι,

571 3844 700 3904 cap.
739 3828 811 3897 ὃς
847 3828 1214 3897 Iuvenalem,
1253 3820 1357 3884 lib.
1392 3830 1453 3897 I,
1494 3836 1598 3885 sat.
1641 3846 1664 3885 1
1688 3846 1707 3899 ς
1735 3824 2029 3900 Plinium,
2054 3825 2159 3885 lib.
2196 3829 2263 3899 1,
2290 3828 2434 3887 Nat.
2473 3825 2615 3885 nist.
2717 3870 2718 3915 Q

572 3923 935 3997 Martialem,
962 3926 1242 4006 epigram.
1268 3925 1374 3986 lib.
1405 3926 1558 3997 XII,
1590 3936 1651 3985 et
1677 3924 1844 3985 alios.
