<?xml version="1.0" encoding="UTF-8"?>
<!DOCTYPE html PUBLIC "-//W3C//DTD XHTML 1.0 Transitional//EN"
    "http://www.w3.org/TR/xhtml1/DTD/xhtml1-transitional.dtd">
<html xmlns="http://www.w3.org/1999/xhtml" xml:lang="en" lang="en">
 <head>
  <title>
</title>
<meta http-equiv="Content-Type" content="text/html;charset=utf-8" />
  <meta name='ocr-system' content='tesseract 3.04.00' />
  <meta name='ocr-capabilities' content='ocr_page ocr_carea ocr_par ocr_line ocrx_word'/>
</head>
<body>
  <div class='ocr_page' id='page_1' title='image "aulipersiiflacc00achagoog_0193.png"; bbox 0 0 2775 4619; ppageno 0'>
   <div class='ocr_carea' id='block_1_1' title="bbox 343 434 1899 647">
    <p class='ocr_par' dir='ltr' id='par_1_1' title="bbox 343 434 1899 647">
     <span class='ocr_line' id='line_1_1' title="bbox 1011 434 1611 502; baseline -0.003 0"><span class='ocrx_word' id='word_1_1' title='bbox 1011 435 1058 502; x_wconf 84' lang='lat' dir='ltr'>S</span> <span class='ocrx_word' id='word_1_2' title='bbox 1071 434 1198 500; x_wconf 81' lang='grc' dir='ltr'><strong>ΛΤ</strong></span> <span class='ocrx_word' id='word_1_3' title='bbox 1214 435 1246 499; x_wconf 93' lang='grc' dir='ltr'>Ι</span> <span class='ocrx_word' id='word_1_4' title='bbox 1263 434 1395 500; x_wconf 84' lang='lat' dir='ltr'><strong>RA</strong></span> <span class='ocrx_word' id='word_1_5' title='bbox 1460 435 1541 500; x_wconf 82' lang='lat' dir='ltr'><strong>V.</strong></span> <span class='ocrx_word' id='word_1_6' title='bbox 1604 461 1611 480; x_wconf 74' lang='lat'>⁴</span> 
     </span>
     <span class='ocr_line' id='line_1_2' title="bbox 343 543 1899 647; baseline 0.002 -27"><span class='ocrx_word' id='word_1_7' title='bbox 343 543 516 622; x_wconf 77' lang='lat' dir='ltr'><strong>Varo</strong></span> <span class='ocrx_word' id='word_1_8' title='bbox 531 603 552 639; x_wconf 85' lang='lat'>‚</span> <span class='ocrx_word' id='word_1_9' title='bbox 585 572 989 646; x_wconf 83' lang='lat' dir='ltr'><strong>regustatum</strong></span> <span class='ocrx_word' id='word_1_10' title='bbox 1025 557 1233 647; x_wconf 79' lang='lat' dir='ltr'><strong>digito</strong></span> <span class='ocrx_word' id='word_1_11' title='bbox 1268 558 1593 624; x_wconf 82' lang='lat' dir='ltr'><strong>terebrare</strong></span> <span class='ocrx_word' id='word_1_12' title='bbox 1622 559 1899 624; x_wconf 81' lang='lat' dir='ltr'><strong>salinum</strong></span> 
     </span>
    </p>
   </div>
   <div class='ocr_carea' id='block_1_2' title="bbox 2179 440 2302 526">
    <p class='ocr_par' dir='ltr' id='par_1_2' title="bbox 2179 440 2302 526">
     <span class='ocr_line' id='line_1_3' title="bbox 2179 440 2302 526; baseline 0.073 -9"><span class='ocrx_word' id='word_1_13' title='bbox 2179 440 2302 526; x_wconf 73' lang='lat'><strong>149</strong></span> 
     </span>
    </p>
   </div>
   <div class='ocr_carea' id='block_1_3' title="bbox 341 675 2302 1109">
    <p class='ocr_par' dir='ltr' id='par_1_3' title="bbox 344 675 1987 764">
     <span class='ocr_line' id='line_1_4' title="bbox 344 675 1987 764; baseline 0.001 -26"><span class='ocrx_word' id='word_1_14' title='bbox 344 676 708 739; x_wconf 72' lang='lat' dir='ltr'><strong>Contentus</strong></span> <span class='ocrx_word' id='word_1_15' title='bbox 735 698 1000 764; x_wconf 81' lang='lat' dir='ltr'><strong>perages</strong></span> <span class='ocrx_word' id='word_1_16' title='bbox 1019 723 1037 756; x_wconf 88' lang='lat'>,</span> <span class='ocrx_word' id='word_1_17' title='bbox 1065 676 1122 739; x_wconf 87' lang='lat' dir='ltr'><strong>si</strong></span> <span class='ocrx_word' id='word_1_18' title='bbox 1147 675 1363 758; x_wconf 75' lang='lat' dir='ltr'><strong>vivere</strong></span> <span class='ocrx_word' id='word_1_19' title='bbox 1395 698 1547 741; x_wconf 90' lang='lat' dir='ltr'><strong>cum</strong></span> <span class='ocrx_word' id='word_1_20' title='bbox 1573 676 1607 740; x_wconf 87' lang='lat' dir='ltr'>J</span> <span class='ocrx_word' id='word_1_21' title='bbox 1610 675 1987 740; x_wconf 71' lang='lat' dir='ltr'><strong>ovetendiS.</strong></span> 
     </span>
    </p>

    <p class='ocr_par' dir='ltr' id='par_1_4' title="bbox 341 789 2302 994">
     <span class='ocr_line' id='line_1_5' title="bbox 341 789 2302 880; baseline 0.001 -28"><span class='ocrx_word' id='word_1_22' title='bbox 341 789 380 852; x_wconf 86' lang='lat' dir='ltr'>J</span> <span class='ocrx_word' id='word_1_23' title='bbox 382 813 488 853; x_wconf 87' lang='lat' dir='ltr'><strong>am</strong></span> <span class='ocrx_word' id='word_1_24' title='bbox 502 812 668 878; x_wconf 89' lang='lat' dir='ltr'><strong>puer</strong></span> <span class='ocrx_word' id='word_1_25' title='bbox 687 789 742 854; x_wconf 90' lang='lat' dir='ltr'><strong>is</strong></span> <span class='ocrx_word' id='word_1_26' title='bbox 757 839 776 872; x_wconf 89' lang='lat'>,</span> <span class='ocrx_word' id='word_1_27' title='bbox 792 789 1032 878; x_wconf 77' lang='lat' dir='ltr'><strong>pellem</strong></span> <span class='ocrx_word' id='word_1_28' title='bbox 1049 791 1441 872; x_wconf 81' lang='lat' dir='ltr'><strong>succinctus,</strong></span> <span class='ocrx_word' id='word_1_29' title='bbox 1462 807 1527 855; x_wconf 87' lang='lat' dir='ltr'><strong>et</strong></span> <span class='ocrx_word' id='word_1_30' title='bbox 1544 790 1983 879; x_wconf 80' lang='lat' dir='ltr'><strong>oenophorum</strong></span> <span class='ocrx_word' id='word_1_31' title='bbox 2000 805 2177 880; x_wconf 75' lang='lat' dir='ltr'><strong>aptas</strong></span> <span class='ocrx_word' id='word_1_32' title='bbox 2200 807 2302 866; x_wconf 75' lang='lat'><strong>140</strong></span> 
     </span>
     <span class='ocr_line' id='line_1_6' title="bbox 346 905 1959 994; baseline 0.001 -24"><span class='ocrx_word' id='word_1_33' title='bbox 346 905 549 970; x_wconf 84' lang='lat' dir='ltr'><strong>Ocius</strong></span> <span class='ocrx_word' id='word_1_34' title='bbox 577 905 660 970; x_wconf 84' lang='lat' dir='ltr'><strong>ad</strong></span> <span class='ocrx_word' id='word_1_35' title='bbox 689 925 956 970; x_wconf 86' lang='lat' dir='ltr'><strong>navem:</strong></span> <span class='ocrx_word' id='word_1_36' title='bbox 987 906 1082 976; x_wconf 82' lang='lat' dir='ltr'><strong>nil</strong></span> <span class='ocrx_word' id='word_1_37' title='bbox 1110 908 1323 972; x_wconf 83' lang='lat' dir='ltr'><strong>obstat</strong></span> <span class='ocrx_word' id='word_1_38' title='bbox 1340 953 1358 986; x_wconf 90' lang='lat'>,</span> <span class='ocrx_word' id='word_1_39' title='bbox 1384 907 1549 994; x_wconf 81' lang='lat' dir='ltr'><strong>quin</strong></span> <span class='ocrx_word' id='word_1_40' title='bbox 1578 908 1764 972; x_wconf 86' lang='lat' dir='ltr'><strong>trabe</strong></span> <span class='ocrx_word' id='word_1_41' title='bbox 1784 908 1959 972; x_wconf 58' lang='lat' dir='ltr'><strong>vasta</strong></span> 
     </span>
    </p>

    <p class='ocr_par' dir='ltr' id='par_1_5' title="bbox 344 1021 1757 1109">
     <span class='ocr_line' id='line_1_7' title="bbox 344 1021 1757 1109; baseline 0.003 -25"><span class='ocrx_word' id='word_1_42' title='bbox 344 1021 656 1109; x_wconf 75' lang='lat' dir='ltr'><strong>Aegeum,</strong></span> <span class='ocrx_word' id='word_1_43' title='bbox 671 1021 884 1109; x_wconf 80' lang='lat' dir='ltr'><strong>rapias</strong></span> <span class='ocrx_word' id='word_1_44' title='bbox 904 1067 932 1103; x_wconf 80' lang='lat'><strong>,‚</strong></span> <span class='ocrx_word' id='word_1_45' title='bbox 949 1021 1075 1086; x_wconf 82' lang='lat' dir='ltr'><strong>nisi</strong></span> <span class='ocrx_word' id='word_1_46' title='bbox 1100 1021 1299 1088; x_wconf 84' lang='lat' dir='ltr'><strong>solers</strong></span> <span class='ocrx_word' id='word_1_47' title='bbox 1323 1022 1585 1086; x_wconf 80' lang='lat' dir='ltr'><strong>luxuria</strong></span> <span class='ocrx_word' id='word_1_48' title='bbox 1606 1025 1757 1088; x_wconf 62' lang='lat' dir='ltr'><strong>ante</strong></span> 
     </span>
    </p>
   </div>
   <div class='ocr_carea' id='block_1_4' title="bbox 245 1213 1258 3299">
    <p class='ocr_par' dir='ltr' id='par_1_6' title="bbox 245 1213 1250 2558">
     <span class='ocr_line' id='line_1_8' title="bbox 329 1213 1244 1286; baseline 0.001 -21"><span class='ocrx_word' id='word_1_49' title='bbox 329 1213 454 1266; x_wconf 81' lang='lat'><strong>138.</strong></span> <span class='ocrx_word' id='word_1_50' title='bbox 489 1217 654 1274; x_wconf 85' lang='lat' dir='ltr'><strong>Varo,</strong></span> <span class='ocrx_word' id='word_1_51' title='bbox 677 1213 788 1286; x_wconf 66' lang='lat' dir='ltr'><strong>eta]</strong></span> <span class='ocrx_word' id='word_1_52' title='bbox 823 1213 1020 1266; x_wconf 77' lang='lat' dir='ltr'><strong>Sensus</strong></span> <span class='ocrx_word' id='word_1_53' title='bbox 1053 1226 1165 1266; x_wconf 86' lang='lat' dir='ltr'><strong>est:</strong></span> <span class='ocrx_word' id='word_1_54' title='bbox 1195 1213 1244 1266; x_wconf 93' lang='lat' dir='ltr'>O</span> 
     </span>
     <span class='ocr_line' id='line_1_9' title="bbox 248 1293 1249 1366; baseline 0 -20"><span class='ocrx_word' id='word_1_55' title='bbox 248 1293 454 1346; x_wconf 79' lang='lat' dir='ltr'><strong>stulte!</strong></span> <span class='ocrx_word' id='word_1_56' title='bbox 479 1295 523 1346; x_wconf 88' lang='lat' dir='ltr'><strong>si</strong></span> <span class='ocrx_word' id='word_1_57' title='bbox 542 1295 797 1366; x_wconf 87' lang='lat' dir='ltr'><strong>pietatem</strong></span> <span class='ocrx_word' id='word_1_58' title='bbox 818 1313 973 1346; x_wconf 81' lang='lat' dir='ltr'><strong>curas</strong></span> <span class='ocrx_word' id='word_1_59' title='bbox 993 1296 1014 1364; x_wconf 90' lang='lat'>(</span> <span class='ocrx_word' id='word_1_60' title='bbox 1027 1313 1249 1366; x_wconf 85' lang='lat' dir='ltr'><strong>respon-</strong></span> 
     </span>
     <span class='ocr_line' id='line_1_10' title="bbox 251 1372 1245 1445; baseline 0.001 -20"><span class='ocrx_word' id='word_1_61' title='bbox 251 1372 350 1426; x_wconf 79' lang='lat' dir='ltr'><strong>det</strong></span> <span class='ocrx_word' id='word_1_62' title='bbox 399 1375 619 1427; x_wconf 81' lang='lat' dir='ltr'><strong>avaritia</strong></span> <span class='ocrx_word' id='word_1_63' title='bbox 647 1376 668 1443; x_wconf 92' lang='lat'><em>)</em></span> <span class='ocrx_word' id='word_1_64' title='bbox 721 1374 1060 1445; x_wconf 78' lang='lat' dir='ltr'><strong>permanebis</strong></span> <span class='ocrx_word' id='word_1_65' title='bbox 1110 1373 1245 1427; x_wconf 86' lang='lat' dir='ltr'><strong>adeo</strong></span> 
     </span>
     <span class='ocr_line' id='line_1_11' title="bbox 249 1455 1244 1527; baseline 0 -21"><span class='ocrx_word' id='word_1_66' title='bbox 249 1473 502 1527; x_wconf 81' lang='lat' dir='ltr'><strong>pauper,</strong></span> <span class='ocrx_word' id='word_1_67' title='bbox 529 1467 593 1506; x_wconf 83' lang='lat' dir='ltr'><strong>ut</strong></span> <span class='ocrx_word' id='word_1_68' title='bbox 620 1455 762 1506; x_wconf 88' lang='lat' dir='ltr'><strong>bene</strong></span> <span class='ocrx_word' id='word_1_69' title='bbox 789 1467 973 1508; x_wconf 88' lang='lat' dir='ltr'><strong>tecum</strong></span> <span class='ocrx_word' id='word_1_70' title='bbox 1001 1455 1085 1526; x_wconf 85' lang='lat' dir='ltr'><strong>agi</strong></span> <span class='ocrx_word' id='word_1_71' title='bbox 1106 1455 1244 1507; x_wconf 87' lang='lat' dir='ltr'><strong>exis-</strong></span> 
     </span>
     <span class='ocr_line' id='line_1_12' title="bbox 245 1535 1243 1608; baseline 0.001 -22"><span class='ocrx_word' id='word_1_72' title='bbox 245 1535 548 1608; x_wconf 48' lang='lat' dir='ltr'><strong>·timaturus</strong></span> <span class='ocrx_word' id='word_1_73' title='bbox 563 1535 632 1587; x_wconf 86' lang='lat' dir='ltr'><strong>sis</strong></span> <span class='ocrx_word' id='word_1_74' title='bbox 647 1535 714 1597; x_wconf 87' lang='lat' dir='ltr'><strong>si,</strong></span> <span class='ocrx_word' id='word_1_75' title='bbox 729 1535 1082 1607; x_wconf 87' lang='lat' dir='ltr'><strong>pulmentarii</strong></span> <span class='ocrx_word' id='word_1_76' title='bbox 1097 1535 1243 1600; x_wconf 79' lang='lat'>1000,</span> 
     </span>
     <span class='ocr_line' id='line_1_13' title="bbox 249 1614 1244 1688; baseline 0.001 -21"><span class='ocrx_word' id='word_1_77' title='bbox 249 1614 422 1668; x_wconf 87' lang='lat' dir='ltr'><strong>salem</strong></span> <span class='ocrx_word' id='word_1_78' title='bbox 445 1633 576 1668; x_wconf 86' lang='lat' dir='ltr'><strong>cum</strong></span> <span class='ocrx_word' id='word_1_79' title='bbox 603 1635 742 1688; x_wconf 86' lang='lat' dir='ltr'><strong>pane</strong></span> <span class='ocrx_word' id='word_1_80' title='bbox 771 1617 962 1670; x_wconf 82' lang='lat' dir='ltr'><strong>habeas</strong></span> <span class='ocrx_word' id='word_1_81' title='bbox 978 1633 995 1668; x_wconf 70' lang='grc' dir='ltr'><strong><em>τ</em></strong></span> <span class='ocrx_word' id='word_1_82' title='bbox 1021 1617 1118 1688; x_wconf 88' lang='lat' dir='ltr'><strong>qui</strong></span> <span class='ocrx_word' id='word_1_83' title='bbox 1139 1616 1244 1668; x_wconf 84' lang='lat' dir='ltr'><strong>fuit</strong></span> 
     </span>
     <span class='ocr_line' id='line_1_14' title="bbox 249 1696 1244 1768; baseline 0.001 -20"><span class='ocrx_word' id='word_1_84' title='bbox 249 1696 438 1748; x_wconf 72' lang='lat' dir='ltr'><strong>victus</strong></span> <span class='ocrx_word' id='word_1_85' title='bbox 491 1696 969 1768; x_wconf 71' lang='lat' dir='ltr'><strong>pauperi-imorum</strong></span> <span class='ocrx_word' id='word_1_86' title='bbox 1017 1696 1244 1768; x_wconf 86' lang='lat' dir='ltr'><strong>hujusce</strong></span> 
     </span>
     <span class='ocr_line' id='line_1_15' title="bbox 252 1777 1244 1852; baseline 0.001 -23"><span class='ocrx_word' id='word_1_87' title='bbox 252 1777 446 1852; x_wconf 62' lang='lat' dir='ltr'><strong>aetatis.</strong></span> <span class='ocrx_word' id='word_1_88' title='bbox 464 1809 538 1816; x_wconf 94' lang='lat'>—</span> <span class='ocrx_word' id='word_1_89' title='bbox 553 1783 703 1828; x_wconf 84' lang='lat' dir='ltr'><strong>Varo.</strong></span> <span class='ocrx_word' id='word_1_90' title='bbox 719 1779 849 1830; x_wconf 86' lang='lat' dir='ltr'><strong>Vet.</strong></span> <span class='ocrx_word' id='word_1_91' title='bbox 871 1778 1044 1829; x_wconf 88' lang='lat' dir='ltr'><strong>schol.</strong></span> <span class='ocrx_word' id='word_1_92' title='bbox 1072 1799 1093 1824; x_wconf 71' lang='grc' dir='ltr'><strong><em>α</em></strong></span> <span class='ocrx_word' id='word_1_93' title='bbox 1113 1779 1244 1830; x_wconf 86' lang='lat' dir='ltr'><strong>Lin-</strong></span> 
     </span>
     <span class='ocr_line' id='line_1_16' title="bbox 257 1857 1246 1928; baseline 0 -19"><span class='ocrx_word' id='word_1_94' title='bbox 257 1883 280 1904; x_wconf 73' lang='grc' dir='ltr'>ι</span> <span class='ocrx_word' id='word_1_95' title='bbox 318 1861 426 1928; x_wconf 59' lang='lat' dir='ltr'><strong>gua</strong></span> <span class='ocrx_word' id='word_1_96' title='bbox 461 1857 748 1910; x_wconf 83' lang='lat' dir='ltr'><strong>Gallorum</strong></span> <span class='ocrx_word' id='word_1_97' title='bbox 783 1863 1016 1918; x_wconf 79' lang='lat' dir='ltr'><strong>barones,</strong></span> <span class='ocrx_word' id='word_1_98' title='bbox 1038 1857 1121 1912; x_wconf 75' lang='lat' dir='ltr'><strong>v&#39;el</strong></span> <span class='ocrx_word' id='word_1_99' title='bbox 1144 1879 1246 1909; x_wconf 80' lang='lat' dir='ltr'><strong>va·</strong></span> 
     </span>
     <span class='ocr_line' id='line_1_17' title="bbox 255 1936 1244 2005; baseline 0.002 -16"><span class='ocrx_word' id='word_1_100' title='bbox 255 1963 280 1984; x_wconf 69' lang='grc' dir='ltr'><strong>α</strong></span> <span class='ocrx_word' id='word_1_101' title='bbox 306 1955 450 1990; x_wconf 80' lang='lat' dir='ltr'><strong>rones</strong></span> <span class='ocrx_word' id='word_1_102' title='bbox 494 1936 759 1991; x_wconf 87' lang='lat' dir='ltr'><strong>dicuntur</strong></span> <span class='ocrx_word' id='word_1_103' title='bbox 795 1938 935 1993; x_wconf 83' lang='lat' dir='ltr'><strong>servi</strong></span> <span class='ocrx_word' id='word_1_104' title='bbox 971 1938 1244 2005; x_wconf 87' lang='lat' dir='ltr'><strong>militum,</strong></span> 
     </span>
     <span class='ocr_line' id='line_1_18' title="bbox 259 2019 1242 2092; baseline 0.007 -26"><span class='ocrx_word' id='word_1_105' title='bbox 259 2045 284 2066; x_wconf 72' lang='grc' dir='ltr'>ι</span> <span class='ocrx_word' id='word_1_106' title='bbox 310 2020 409 2092; x_wconf 86' lang='lat' dir='ltr'><strong>qui</strong></span> <span class='ocrx_word' id='word_1_107' title='bbox 463 2019 662 2091; x_wconf 88' lang='lat' dir='ltr'><strong>utique</strong></span> <span class='ocrx_word' id='word_1_108' title='bbox 712 2020 1016 2074; x_wconf 83' lang='lat' dir='ltr'><strong>stultissimi</strong></span> <span class='ocrx_word' id='word_1_109' title='bbox 1065 2033 1194 2073; x_wconf 85' lang='lat' dir='ltr'><strong>sunt</strong></span> <span class='ocrx_word' id='word_1_110' title='bbox 1223 2059 1242 2086; x_wconf 78' lang='grc'>,</span> 
     </span>
     <span class='ocr_line' id='line_1_19' title="bbox 261 2100 1244 2182; baseline 0.002 -30"><span class='ocrx_word' id='word_1_111' title='bbox 261 2125 284 2146; x_wconf 81' lang='grc' dir='ltr'><strong>ιι</strong></span> <span class='ocrx_word' id='word_1_112' title='bbox 311 2101 452 2153; x_wconf 78' lang='lat' dir='ltr'><strong>servi</strong></span> <span class='ocrx_word' id='word_1_113' title='bbox 476 2100 734 2155; x_wconf 77' lang='lat' dir='ltr'><strong>videlicet</strong></span> <span class='ocrx_word' id='word_1_114' title='bbox 765 2102 1078 2182; x_wconf 50' lang='lat' dir='ltr'><strong>stulyrum.</strong></span> <span class='ocrx_word' id='word_1_115' title='bbox 1097 2126 1120 2147; x_wconf 74' lang='grc' dir='ltr'>ι</span> <span class='ocrx_word' id='word_1_116' title='bbox 1147 2101 1244 2154; x_wconf 84' lang='lat' dir='ltr'><strong>Est</strong></span> 
     </span>
     <span class='ocr_line' id='line_1_20' title="bbox 255 2179 1246 2252; baseline 0.003 -21"><span class='ocrx_word' id='word_1_117' title='bbox 255 2179 428 2252; x_wconf 83' lang='lat' dir='ltr'><strong>igitur</strong></span> <span class='ocrx_word' id='word_1_118' title='bbox 451 2200 584 2234; x_wconf 83' lang='lat' dir='ltr'><strong>varo</strong></span> <span class='ocrx_word' id='word_1_119' title='bbox 602 2181 748 2234; x_wconf 86' lang='lat' dir='ltr'><strong>idem</strong></span> <span class='ocrx_word' id='word_1_120' title='bbox 767 2199 828 2234; x_wconf 83' lang='lat' dir='ltr'><strong>ac</strong></span> <span class='ocrx_word' id='word_1_121' title='bbox 855 2180 1058 2234; x_wconf 84' lang='lat' dir='ltr'><strong>bardus</strong></span> <span class='ocrx_word' id='word_1_122' title='bbox 1077 2193 1131 2234; x_wconf 88' lang='lat' dir='ltr'><strong>et</strong></span> <span class='ocrx_word' id='word_1_123' title='bbox 1153 2201 1246 2236; x_wconf 77' lang='lat' dir='ltr'><strong>ve-</strong></span> 
     </span>
     <span class='ocr_line' id='line_1_21' title="bbox 259 2261 1246 2331; baseline 0.003 -18"><span class='ocrx_word' id='word_1_124' title='bbox 259 2261 675 2331; x_wconf 65' lang='lat' dir='ltr'><strong>cors.—D1‘gico</strong></span> <span class='ocrx_word' id='word_1_125' title='bbox 705 2265 966 2314; x_wconf 78' lang='lat' dir='ltr'><strong>terebrare.</strong></span> <span class='ocrx_word' id='word_1_126' title='bbox 988 2261 1106 2316; x_wconf 90' lang='lat' dir='ltr'><strong>Hoc</strong></span> <span class='ocrx_word' id='word_1_127' title='bbox 1135 2281 1246 2315; x_wconf 86' lang='lat' dir='ltr'><strong>em·</strong></span> 
     </span>
     <span class='ocr_line' id='line_1_22' title="bbox 258 2342 1250 2415; baseline 0.001 -21"><span class='ocrx_word' id='word_1_128' title='bbox 258 2343 481 2414; x_wconf 80' lang='lat' dir='ltr'><strong>ph&#39;atice</strong></span> <span class='ocrx_word' id='word_1_129' title='bbox 509 2342 752 2410; x_wconf 86' lang='lat' dir='ltr'><strong>dictum;</strong></span> <span class='ocrx_word' id='word_1_130' title='bbox 783 2362 885 2415; x_wconf 90' lang='lat' dir='ltr'><strong>pro</strong></span> <span class='ocrx_word' id='word_1_131' title='bbox 922 2342 1096 2413; x_wconf 86' lang='lat' dir='ltr'><strong>digito</strong></span> <span class='ocrx_word' id='word_1_132' title='bbox 1121 2362 1250 2415; x_wconf 90' lang='lat' dir='ltr'><strong>pre-</strong></span> 
     </span>
     <span class='ocr_line' id='line_1_23' title="bbox 262 2423 1249 2497; baseline 0.005 -23"><span class='ocrx_word' id='word_1_133' title='bbox 262 2438 411 2476; x_wconf 80' lang='lat' dir='ltr'><strong>mere</strong></span> <span class='ocrx_word' id='word_1_134' title='bbox 427 2424 662 2476; x_wconf 84' lang='lat' dir='ltr'><strong>salinum</strong></span> <span class='ocrx_word' id='word_1_135' title='bbox 675 2461 692 2489; x_wconf 90' lang='lat'>,</span> <span class='ocrx_word' id='word_1_136' title='bbox 711 2424 786 2477; x_wconf 77' lang='lat' dir='ltr'><strong>ita</strong></span> <span class='ocrx_word' id='word_1_137' title='bbox 807 2435 867 2477; x_wconf 87' lang='lat' dir='ltr'><strong>ut</strong></span> <span class='ocrx_word' id='word_1_138' title='bbox 881 2424 1158 2497; x_wconf 80' lang='lat' dir='ltr'><strong>perforare</strong></span> <span class='ocrx_word' id='word_1_139' title='bbox 1171 2423 1249 2479; x_wconf 60' lang='lat' dir='ltr'><strong>vi·</strong></span> 
     </span>
     <span class='ocr_line' id='line_1_24' title="bbox 263 2502 566 2558; baseline 0.007 -3"><span class='ocrx_word' id='word_1_140' title='bbox 263 2502 473 2557; x_wconf 81' lang='lat' dir='ltr'><strong>deatur.</strong></span> <span class='ocrx_word' id='word_1_141' title='bbox 500 2505 566 2558; x_wconf 88' lang='lat' dir='ltr'><strong>C.</strong></span> 
     </span>
    </p>

    <p class='ocr_par' dir='ltr' id='par_1_7' title="bbox 265 2583 1258 3216">
     <span class='ocr_line' id='line_1_25' title="bbox 341 2583 1252 2653; baseline 0 -17"><span class='ocrx_word' id='word_1_142' title='bbox 341 2602 362 2636; x_wconf 90' lang='lat'>1</span> <span class='ocrx_word' id='word_1_143' title='bbox 376 2584 442 2653; x_wconf 84' lang='grc'><strong>39</strong></span> <span class='ocrx_word' id='word_1_144' title='bbox 451 2622 462 2635; x_wconf 96' lang='grc'><em>.</em></span> <span class='ocrx_word' id='word_1_145' title='bbox 477 2586 662 2635; x_wconf 77' lang='lat' dir='ltr'><strong>Comen</strong></span> <span class='ocrx_word' id='word_1_146' title='bbox 667 2588 986 2653; x_wconf 54' lang='lat' dir='ltr'><strong>nuspa-rages]</strong></span> <span class='ocrx_word' id='word_1_147' title='bbox 997 2583 1252 2637; x_wconf 76' lang='lat' dir='ltr'><strong>Graecum</strong></span> 
     </span>
     <span class='ocr_line' id='line_1_26' title="bbox 267 2660 1250 2741; baseline 0 -24"><span class='ocrx_word' id='word_1_148' title='bbox 267 2676 346 2718; x_wconf 85' lang='lat' dir='ltr'><strong>est</strong></span> <span class='ocrx_word' id='word_1_149' title='bbox 372 2662 582 2741; x_wconf 70' lang='grc' dir='ltr'>διάξεις,</span> <span class='ocrx_word' id='word_1_150' title='bbox 621 2685 726 2737; x_wconf 88' lang='lat' dir='ltr'><strong>pro</strong></span> <span class='ocrx_word' id='word_1_151' title='bbox 767 2660 952 2730; x_wconf 64' lang='grc' dir='ltr'>διάξεις</span> <span class='ocrx_word' id='word_1_152' title='bbox 982 2669 1063 2719; x_wconf 77' lang='grc' dir='ltr'><strong>τὸν</strong></span> <span class='ocrx_word' id='word_1_153' title='bbox 1109 2667 1250 2733; x_wconf 70' lang='grc' dir='ltr'><strong>βίονε</strong></span> 
     </span>
     <span class='ocr_line' id='line_1_27' title="bbox 265 2743 1257 2816; baseline 0 -21"><span class='ocrx_word' id='word_1_154' title='bbox 265 2743 537 2815; x_wconf 82' lang='lat' dir='ltr'><strong>quamdiu</strong></span> <span class='ocrx_word' id='word_1_155' title='bbox 555 2744 700 2797; x_wconf 79' lang='lat' dir='ltr'><strong>vives</strong></span> <span class='ocrx_word' id='word_1_156' title='bbox 714 2783 732 2809; x_wconf 86' lang='lat'>,</span> <span class='ocrx_word' id='word_1_157' title='bbox 755 2762 968 2816; x_wconf 86' lang='lat' dir='ltr'><strong>semper</strong></span> <span class='ocrx_word' id='word_1_158' title='bbox 993 2745 1097 2797; x_wconf 88' lang='lat' dir='ltr'><strong>eris</strong></span> <span class='ocrx_word' id='word_1_159' title='bbox 1121 2759 1257 2815; x_wconf 82' lang='lat' dir='ltr'><strong>pau-¹</strong></span> 
     </span>
     <span class='ocr_line' id='line_1_28' title="bbox 267 2824 1254 2895; baseline -0.002 -18"><span class='ocrx_word' id='word_1_160' title='bbox 267 2840 399 2895; x_wconf 82' lang='lat' dir='ltr'><strong>per,</strong></span> <span class='ocrx_word' id='word_1_161' title='bbox 424 2826 470 2876; x_wconf 78' lang='lat' dir='ltr'><strong>si</strong></span> <span class='ocrx_word' id='word_1_162' title='bbox 501 2828 668 2876; x_wconf 78' lang='lat' dir='ltr'><strong>vivere</strong></span> <span class='ocrx_word' id='word_1_163' title='bbox 703 2844 814 2893; x_wconf 70' lang='lat' dir='ltr'><strong>qum</strong></span> <span class='ocrx_word' id='word_1_164' title='bbox 849 2830 962 2875; x_wconf 72' lang='lat' dir='ltr'><strong>Jove</strong></span> <span class='ocrx_word' id='word_1_165' title='bbox 999 2828 1182 2885; x_wconf 77' lang='lat' dir='ltr'><strong>tendis,</strong></span> <span class='ocrx_word' id='word_1_166' title='bbox 1209 2824 1254 2876; x_wconf 83' lang='lat' dir='ltr'><strong>si</strong></span> 
     </span>
     <span class='ocr_line' id='line_1_29' title="bbox 267 2907 1253 2961; baseline 0 -3"><span class='ocrx_word' id='word_1_167' title='bbox 267 2907 411 2959; x_wconf 65' lang='lat' dir='ltr'><strong>bona</strong></span> <span class='ocrx_word' id='word_1_168' title='bbox 435 2908 763 2961; x_wconf 63' lang='lat' dir='ltr'><strong>conscientia</strong></span> <span class='ocrx_word' id='word_1_169' title='bbox 783 2918 838 2959; x_wconf 88' lang='lat' dir='ltr'><strong>et</strong></span> <span class='ocrx_word' id='word_1_170' title='bbox 855 2924 1076 2959; x_wconf 86' lang='lat' dir='ltr'><strong>morum</strong></span> <span class='ocrx_word' id='word_1_171' title='bbox 1099 2925 1253 2959; x_wconf 84' lang='lat' dir='ltr'><strong>sanc-</strong></span> 
     </span>
     <span class='ocr_line' id='line_1_30' title="bbox 267 2986 1256 3059; baseline -0.001 -20"><span class='ocrx_word' id='word_1_172' title='bbox 267 2989 426 3041; x_wconf 85' lang='lat' dir='ltr'><strong>titate</strong></span> <span class='ocrx_word' id='word_1_173' title='bbox 437 3026 456 3052; x_wconf 84' lang='lat'><em>‚</em></span> <span class='ocrx_word' id='word_1_174' title='bbox 481 2989 515 3041; x_wconf 86' lang='lat' dir='ltr'><strong>J</strong></span> <span class='ocrx_word' id='word_1_175' title='bbox 517 3004 674 3041; x_wconf 81' lang='lat' dir='ltr'><strong>ovem</strong></span> <span class='ocrx_word' id='word_1_176' title='bbox 691 2986 892 3041; x_wconf 83' lang='lat' dir='ltr'><strong>habere</strong></span> <span class='ocrx_word' id='word_1_177' title='bbox 909 2988 1184 3059; x_wconf 84' lang='lat' dir='ltr'><strong>placatum</strong></span> <span class='ocrx_word' id='word_1_178' title='bbox 1203 3000 1256 3039; x_wconf 86' lang='lat' dir='ltr'><strong>et</strong></span> 
     </span>
     <span class='ocr_line' id='line_1_31' title="bbox 269 3068 1258 3142; baseline -0.001 -21"><span class='ocrx_word' id='word_1_179' title='bbox 269 3070 508 3121; x_wconf 82' lang='lat' dir='ltr'><strong>amicum</strong></span> <span class='ocrx_word' id='word_1_180' title='bbox 533 3069 797 3132; x_wconf 83' lang='lat' dir='ltr'><strong>intendis.</strong></span> <span class='ocrx_word' id='word_1_181' title='bbox 825 3072 882 3123; x_wconf 89' lang='grc' dir='ltr'><strong>Εἰ</strong></span> <span class='ocrx_word' id='word_1_182' title='bbox 907 3071 1100 3142; x_wconf 78' lang='grc' dir='ltr'>ἀρέσκει</span> <span class='ocrx_word' id='word_1_183' title='bbox 1128 3088 1202 3121; x_wconf 81' lang='grc' dir='ltr'><strong>σοι</strong></span> <span class='ocrx_word' id='word_1_184' title='bbox 1230 3068 1258 3120; x_wconf 76' lang='grc' dir='ltr'>ὅ</span> 
     </span>
     <span class='ocr_line' id='line_1_32' title="bbox 269 3148 802 3216; baseline 0 -14"><span class='ocrx_word' id='word_1_185' title='bbox 269 3150 404 3203; x_wconf 81' lang='grc' dir='ltr'>κατὰ</span> <span class='ocrx_word' id='word_1_186' title='bbox 428 3152 552 3204; x_wconf 77' lang='grc' dir='ltr'>Θεὸν</span> <span class='ocrx_word' id='word_1_187' title='bbox 580 3152 704 3216; x_wconf 69' lang='grc' dir='ltr'><strong>βίος.</strong></span> <span class='ocrx_word' id='word_1_188' title='bbox 737 3148 802 3203; x_wconf 91' lang='lat' dir='ltr'><strong>C.</strong></span> 
     </span>
    </p>

    <p class='ocr_par' dir='ltr' id='par_1_8' title="bbox 345 3230 1257 3299">
     <span class='ocr_line' id='line_1_33' title="bbox 345 3230 1257 3299; baseline -0.004 -16"><span class='ocrx_word' id='word_1_189' title='bbox 345 3237 463 3295; x_wconf 73' lang='lat'><strong>140.</strong></span> <span class='ocrx_word' id='word_1_190' title='bbox 490 3234 604 3281; x_wconf 73' lang='lat' dir='ltr'><strong>Iam</strong></span> <span class='ocrx_word' id='word_1_191' title='bbox 623 3248 756 3299; x_wconf 70' lang='lat' dir='ltr'><strong>puer</strong></span> <span class='ocrx_word' id='word_1_192' title='bbox 782 3232 852 3291; x_wconf 67' lang='grc' dir='ltr'><strong>εἰς,</strong></span> <span class='ocrx_word' id='word_1_193' title='bbox 869 3232 1049 3296; x_wconf 81' lang='lat' dir='ltr'><strong>pellem</strong></span> <span class='ocrx_word' id='word_1_194' title='bbox 1067 3230 1257 3281; x_wconf 78' lang='lat' dir='ltr'><strong>succin-</strong></span> 
     </span>
    </p>
   </div>
   <div class='ocr_carea' id='block_1_5' title="bbox 1321 1215 2309 2012">
    <p class='ocr_par' dir='ltr' id='par_1_9' title="bbox 1321 1215 2309 2012">
     <span class='ocr_line' id='line_1_34' title="bbox 1325 1215 2306 1288; baseline 0.001 -22"><span class='ocrx_word' id='word_1_195' title='bbox 1325 1217 1463 1283; x_wconf 84' lang='lat' dir='ltr'><strong>ctus.]</strong></span> <span class='ocrx_word' id='word_1_196' title='bbox 1503 1215 1537 1267; x_wconf 86' lang='lat' dir='ltr'><strong>J</strong></span> <span class='ocrx_word' id='word_1_197' title='bbox 1540 1233 1623 1267; x_wconf 89' lang='lat' dir='ltr'><strong>am</strong></span> <span class='ocrx_word' id='word_1_198' title='bbox 1642 1253 1658 1280; x_wconf 95' lang='lat'>,</span> <span class='ocrx_word' id='word_1_199' title='bbox 1686 1215 1870 1287; x_wconf 89' lang='lat' dir='ltr'><strong>inquit</strong></span> <span class='ocrx_word' id='word_1_200' title='bbox 1906 1221 2068 1288; x_wconf 62' lang='lat' dir='ltr'><strong>poeta</strong></span> <span class='ocrx_word' id='word_1_201' title='bbox 2093 1253 2111 1280; x_wconf 88' lang='lat'><strong>‚</strong></span> <span class='ocrx_word' id='word_1_202' title='bbox 2143 1237 2306 1284; x_wconf 58' lang='lat' dir='ltr'><strong>puer,</strong></span> 
     </span>
     <span class='ocr_line' id='line_1_35' title="bbox 1324 1295 2305 1365; baseline 0.003 -18"><span class='ocrx_word' id='word_1_203' title='bbox 1324 1295 1382 1348; x_wconf 84' lang='lat' dir='ltr'><strong>id</strong></span> <span class='ocrx_word' id='word_1_204' title='bbox 1406 1307 1484 1348; x_wconf 85' lang='lat' dir='ltr'><strong>est</strong></span> <span class='ocrx_word' id='word_1_205' title='bbox 1500 1333 1517 1361; x_wconf 95' lang='lat'>,</span> <span class='ocrx_word' id='word_1_206' title='bbox 1541 1314 1730 1350; x_wconf 87' lang='lat' dir='ltr'><strong>servus</strong></span> <span class='ocrx_word' id='word_1_207' title='bbox 1750 1297 1985 1351; x_wconf 77' lang='lat' dir='ltr'><strong>avaritias</strong></span> <span class='ocrx_word' id='word_1_208' title='bbox 2005 1337 2021 1362; x_wconf 91' lang='lat'>‚</span> <span class='ocrx_word' id='word_1_209' title='bbox 2045 1301 2084 1349; x_wconf 82' lang='lat' dir='ltr'><strong>is</strong></span> <span class='ocrx_word' id='word_1_210' title='bbox 2098 1336 2114 1358; x_wconf 89' lang='lat'><strong><em>,</em></strong></span> <span class='ocrx_word' id='word_1_211' title='bbox 2124 1302 2305 1365; x_wconf 80' lang='lat' dir='ltr'><strong>pellem</strong></span> 
     </span>
     <span class='ocr_line' id='line_1_36' title="bbox 1322 1375 2307 1437; baseline 0.005 -11"><span class='ocrx_word' id='word_1_212' title='bbox 1322 1378 1618 1437; x_wconf 77' lang='lat' dir='ltr'><strong>succinctus,</strong></span> <span class='ocrx_word' id='word_1_213' title='bbox 1639 1377 1907 1430; x_wconf 84' lang='lat' dir='ltr'><strong>accinctus</strong></span> <span class='ocrx_word' id='word_1_214' title='bbox 1927 1375 1995 1430; x_wconf 86' lang='lat' dir='ltr'><strong>ad</strong></span> <span class='ocrx_word' id='word_1_215' title='bbox 2017 1379 2121 1431; x_wconf 87' lang='lat' dir='ltr'><strong>iter</strong></span> <span class='ocrx_word' id='word_1_216' title='bbox 2138 1379 2307 1430; x_wconf 83' lang='lat' dir='ltr'><strong>susci·</strong></span> 
     </span>
     <span class='ocr_line' id='line_1_37' title="bbox 1324 1455 2307 1528; baseline 0.003 -21"><span class='ocrx_word' id='word_1_217' title='bbox 1324 1455 1607 1528; x_wconf 87' lang='lat' dir='ltr'><strong>piendum,</strong></span> <span class='ocrx_word' id='word_1_218' title='bbox 1622 1472 1672 1507; x_wconf 85' lang='lat' dir='ltr'><strong>et</strong></span> <span class='ocrx_word' id='word_1_219' title='bbox 1685 1471 1826 1524; x_wconf 81' lang='lat' dir='ltr'><strong>aptas</strong></span> <span class='ocrx_word' id='word_1_220' title='bbox 1842 1459 2179 1525; x_wconf 74' lang='lat' dir='ltr'><strong>oenophorum,</strong></span> <span class='ocrx_word' id='word_1_221' title='bbox 2196 1477 2307 1510; x_wconf 86' lang='lat' dir='ltr'><strong>sar·</strong></span> 
     </span>
     <span class='ocr_line' id='line_1_38' title="bbox 1324 1537 2307 1606; baseline 0.003 -17"><span class='ocrx_word' id='word_1_222' title='bbox 1324 1537 1473 1590; x_wconf 83' lang='lat' dir='ltr'><strong>cinas</strong></span> <span class='ocrx_word' id='word_1_223' title='bbox 1504 1577 1519 1604; x_wconf 91' lang='lat'><strong><em>,</em></strong></span> <span class='ocrx_word' id='word_1_224' title='bbox 1554 1557 1736 1592; x_wconf 84' lang='lat' dir='ltr'><strong>saccos</strong></span> <span class='ocrx_word' id='word_1_225' title='bbox 1758 1576 1775 1603; x_wconf 92' lang='lat'><strong>.,</strong></span> <span class='ocrx_word' id='word_1_226' title='bbox 1810 1557 1929 1594; x_wconf 80' lang='lat' dir='ltr'><strong>vasa</strong></span> <span class='ocrx_word' id='word_1_227' title='bbox 1964 1540 2169 1592; x_wconf 77' lang='lat' dir='ltr'><strong>vinaria</strong></span> <span class='ocrx_word' id='word_1_228' title='bbox 2192 1578 2209 1606; x_wconf 91' lang='lat'>,</span> <span class='ocrx_word' id='word_1_229' title='bbox 2249 1551 2307 1592; x_wconf 87' lang='lat' dir='ltr'><strong>et</strong></span> 
     </span>
     <span class='ocr_line' id='line_1_39' title="bbox 1321 1617 2307 1692; baseline 0 -20"><span class='ocrx_word' id='word_1_230' title='bbox 1321 1617 1427 1672; x_wconf 76' lang='lat' dir='ltr'><strong>alia</strong></span> <span class='ocrx_word' id='word_1_231' title='bbox 1442 1619 1734 1672; x_wconf 85' lang='lat' dir='ltr'><strong>necessaria</strong></span> <span class='ocrx_word' id='word_1_232' title='bbox 1746 1620 2165 1692; x_wconf 82' lang='lat' dir='ltr'><strong>peregrinationi</strong></span> <span class='ocrx_word' id='word_1_233' title='bbox 2186 1621 2307 1672; x_wconf 89' lang='lat' dir='ltr'><strong>lon·</strong></span> 
     </span>
     <span class='ocr_line' id='line_1_40' title="bbox 1323 1699 2306 1772; baseline 0.003 -23"><span class='ocrx_word' id='word_1_234' title='bbox 1323 1699 1541 1770; x_wconf 81' lang='lat' dir='ltr'><strong>ginquae</strong></span> <span class='ocrx_word' id='word_1_235' title='bbox 1559 1717 1729 1772; x_wconf 87' lang='lat' dir='ltr'><strong>paras,</strong></span> <span class='ocrx_word' id='word_1_236' title='bbox 1745 1713 1799 1754; x_wconf 88' lang='lat' dir='ltr'><strong>et</strong></span> <span class='ocrx_word' id='word_1_237' title='bbox 1812 1699 1879 1752; x_wconf 85' lang='lat' dir='ltr'><strong>ad</strong></span> <span class='ocrx_word' id='word_1_238' title='bbox 1896 1719 2090 1754; x_wconf 83' lang='lat' dir='ltr'><strong>navem</strong></span> <span class='ocrx_word' id='word_1_239' title='bbox 2104 1713 2306 1772; x_wconf 84' lang='lat' dir='ltr'><strong>portas.</strong></span> 
     </span>
     <span class='ocr_line' id='line_1_41' title="bbox 1323 1778 2306 1853; baseline 0 -22"><span class='ocrx_word' id='word_1_240' title='bbox 1323 1778 1431 1831; x_wconf 77' lang='lat' dir='ltr'><strong>Alii</strong></span> <span class='ocrx_word' id='word_1_241' title='bbox 1451 1779 1668 1851; x_wconf 84' lang='lat' dir='ltr'><strong>legunt:</strong></span> <span class='ocrx_word' id='word_1_242' title='bbox 1684 1783 1796 1850; x_wconf 81' lang='lat' dir='ltr'><strong>jam</strong></span> <span class='ocrx_word' id='word_1_243' title='bbox 1806 1784 1974 1847; x_wconf 82' lang='lat' dir='ltr'><strong>pueris</strong></span> <span class='ocrx_word' id='word_1_244' title='bbox 1983 1785 2181 1853; x_wconf 53' lang='lat' dir='ltr'><strong>pellent,</strong></span> <span class='ocrx_word' id='word_1_245' title='bbox 2194 1799 2306 1831; x_wconf 83' lang='lat' dir='ltr'><strong>suc·</strong></span> 
     </span>
     <span class='ocr_line' id='line_1_42' title="bbox 1323 1860 2308 1932; baseline 0 -20"><span class='ocrx_word' id='word_1_246' title='bbox 1323 1873 1525 1919; x_wconf 74' lang='lat' dir='ltr'><strong>emotus,</strong></span> <span class='ocrx_word' id='word_1_247' title='bbox 1542 1875 1591 1910; x_wconf 81' lang='lat' dir='ltr'><strong>et</strong></span> <span class='ocrx_word' id='word_1_248' title='bbox 1603 1863 1851 1927; x_wconf 77' lang='lat' dir='ltr'><strong>oenopkor.</strong></span> <span class='ocrx_word' id='word_1_249' title='bbox 1872 1875 2040 1927; x_wconf 81' lang='lat' dir='ltr'><strong>aptas,</strong></span> <span class='ocrx_word' id='word_1_250' title='bbox 2063 1873 2116 1913; x_wconf 89' lang='lat' dir='ltr'><strong>et</strong></span> <span class='ocrx_word' id='word_1_251' title='bbox 2135 1860 2308 1932; x_wconf 86' lang='lat' dir='ltr'><strong>expli·</strong></span> 
     </span>
     <span class='ocr_line' id='line_1_43' title="bbox 1325 1938 2309 2012; baseline 0.001 -19"><span class='ocrx_word' id='word_1_252' title='bbox 1325 1952 1453 1993; x_wconf 84' lang='lat' dir='ltr'><strong>cant</strong></span> <span class='ocrx_word' id='word_1_253' title='bbox 1466 1957 1479 1989; x_wconf 75' lang='grc' dir='ltr'><strong><em>ε</em></strong></span> <span class='ocrx_word' id='word_1_254' title='bbox 1490 1939 1601 2010; x_wconf 85' lang='lat' dir='ltr'><strong>jam</strong></span> <span class='ocrx_word' id='word_1_255' title='bbox 1619 1954 1843 2012; x_wconf 83' lang='lat' dir='ltr'><strong>paratus</strong></span> <span class='ocrx_word' id='word_1_256' title='bbox 1858 1938 1927 1992; x_wconf 88' lang='lat' dir='ltr'><strong>ad</strong></span> <span class='ocrx_word' id='word_1_257' title='bbox 1944 1940 2050 1992; x_wconf 89' lang='lat' dir='ltr'><strong>iter</strong></span> <span class='ocrx_word' id='word_1_258' title='bbox 2066 1941 2309 2011; x_wconf 75' lang='lat' dir='ltr'><strong>imponis</strong></span> 
     </span>
    </p>
   </div>
   <div class='ocr_carea' id='block_1_6' title="bbox 1320 2019 2409 2092">
    <p class='ocr_par' dir='ltr' id='par_1_10' title="bbox 1320 2019 2409 2092">
     <span class='ocr_line' id='line_1_44' title="bbox 1320 2019 2409 2092; baseline 0.002 -21"><span class='ocrx_word' id='word_1_259' title='bbox 1320 2020 1509 2092; x_wconf 86' lang='lat' dir='ltr'><strong>pueris</strong></span> <span class='ocrx_word' id='word_1_260' title='bbox 1532 2020 1638 2072; x_wconf 88' lang='lat' dir='ltr'><strong>tuis</strong></span> <span class='ocrx_word' id='word_1_261' title='bbox 1662 2023 1874 2088; x_wconf 84' lang='lat' dir='ltr'><strong>pellem,</strong></span> <span class='ocrx_word' id='word_1_262' title='bbox 1892 2019 2138 2072; x_wconf 63' lang='lat' dir='ltr'><strong>sarcinas</strong></span> <span class='ocrx_word' id='word_1_263' title='bbox 2157 2056 2173 2084; x_wconf 92' lang='lat'>‚</span> <span class='ocrx_word' id='word_1_264' title='bbox 2201 2039 2310 2073; x_wconf 83' lang='lat' dir='ltr'><strong>sac·</strong></span> <span class='ocrx_word' id='word_1_265' title='bbox 2394 2026 2409 2030; x_wconf 79' lang='grc'><strong><em>’</em></strong></span> 
     </span>
    </p>
   </div>
   <div class='ocr_carea' id='block_1_7' title="bbox 1323 2099 2313 2730">
    <p class='ocr_par' dir='ltr' id='par_1_11' title="bbox 1323 2099 2311 2496">
     <span class='ocr_line' id='line_1_45' title="bbox 1323 2099 2307 2172; baseline 0 -19"><span class='ocrx_word' id='word_1_266' title='bbox 1323 2119 1449 2165; x_wconf 84' lang='lat' dir='ltr'><strong>cos,</strong></span> <span class='ocrx_word' id='word_1_267' title='bbox 1486 2099 1544 2152; x_wconf 88' lang='lat' dir='ltr'><strong>in</strong></span> <span class='ocrx_word' id='word_1_268' title='bbox 1573 2101 1773 2172; x_wconf 86' lang='lat' dir='ltr'><strong>quibus</strong></span> <span class='ocrx_word' id='word_1_269' title='bbox 1810 2119 1895 2153; x_wconf 86' lang='lat' dir='ltr'><strong>res</strong></span> <span class='ocrx_word' id='word_1_270' title='bbox 1924 2114 2307 2172; x_wconf 86' lang='lat' dir='ltr'><strong>reponuntur,</strong></span> 
     </span>
     <span class='ocr_line' id='line_1_46' title="bbox 1324 2179 2307 2253; baseline 0.001 -21"><span class='ocrx_word' id='word_1_271' title='bbox 1324 2195 1376 2232; x_wconf 83' lang='lat' dir='ltr'><strong>et</strong></span> <span class='ocrx_word' id='word_1_272' title='bbox 1391 2181 1722 2248; x_wconf 75' lang='lat' dir='ltr'><strong>oenophorum.</strong></span> <span class='ocrx_word' id='word_1_273' title='bbox 1748 2179 1910 2232; x_wconf 81' lang='lat' dir='ltr'><strong>Prior</strong></span> <span class='ocrx_word' id='word_1_274' title='bbox 1926 2181 2307 2253; x_wconf 78' lang='lat' dir='ltr'><strong>interpretatio</strong></span> 
     </span>
     <span class='ocr_line' id='line_1_47' title="bbox 1326 2259 2310 2333; baseline -0.002 -18"><span class='ocrx_word' id='word_1_275' title='bbox 1326 2261 1485 2315; x_wconf 85' lang='lat' dir='ltr'><strong>nobis</strong></span> <span class='ocrx_word' id='word_1_276' title='bbox 1512 2260 1692 2333; x_wconf 85' lang='lat' dir='ltr'><strong>aptior</strong></span> <span class='ocrx_word' id='word_1_277' title='bbox 1711 2260 1822 2314; x_wconf 84' lang='lat' dir='ltr'><strong>visa</strong></span> <span class='ocrx_word' id='word_1_278' title='bbox 1856 2271 1950 2313; x_wconf 84' lang='lat' dir='ltr'><strong>est.</strong></span> <span class='ocrx_word' id='word_1_279' title='bbox 1964 2289 2035 2300; x_wconf 84' lang='lat'><strong>--</strong></span> <span class='ocrx_word' id='word_1_280' title='bbox 2052 2259 2310 2328; x_wconf 72' lang='lat' dir='ltr'><strong>Oenopko·</strong></span> 
     </span>
     <span class='ocr_line' id='line_1_48' title="bbox 1328 2340 2311 2409; baseline 0.003 -16"><span class='ocrx_word' id='word_1_281' title='bbox 1328 2362 1459 2394; x_wconf 80' lang='lat' dir='ltr'><strong>rum.</strong></span> <span class='ocrx_word' id='word_1_282' title='bbox 1475 2344 1607 2394; x_wconf 81' lang='lat' dir='ltr'><strong>Vox</strong></span> <span class='ocrx_word' id='word_1_283' title='bbox 1625 2340 1811 2394; x_wconf 81' lang='lat' dir='ltr'><strong>Graeca</strong></span> <span class='ocrx_word' id='word_1_284' title='bbox 1838 2346 1959 2404; x_wconf 79' lang='grc' dir='ltr'><strong>οἶνος</strong></span> <span class='ocrx_word' id='word_1_285' title='bbox 1971 2382 1987 2409; x_wconf 80' lang='lat'>‚</span> <span class='ocrx_word' id='word_1_286' title='bbox 2006 2343 2223 2400; x_wconf 80' lang='lat' dir='ltr'><strong>vinum,</strong></span> <span class='ocrx_word' id='word_1_287' title='bbox 2255 2356 2311 2396; x_wconf 85' lang='lat' dir='ltr'><strong>et</strong></span> 
     </span>
     <span class='ocr_line' id='line_1_49' title="bbox 1329 2422 2308 2496; baseline -0.001 -19"><span class='ocrx_word' id='word_1_288' title='bbox 1329 2426 1472 2495; x_wconf 72' lang='grc' dir='ltr'>φέρω,</span> <span class='ocrx_word' id='word_1_289' title='bbox 1483 2424 1785 2496; x_wconf 72' lang='lat' dir='ltr'><strong>porto-Vas</strong></span> <span class='ocrx_word' id='word_1_290' title='bbox 1794 2424 2087 2477; x_wconf 79' lang='lat' dir='ltr'><strong>vinarium.</strong></span> <span class='ocrx_word' id='word_1_291' title='bbox 2100 2422 2162 2476; x_wconf 93' lang='lat' dir='ltr'><strong>P.</strong></span> <span class='ocrx_word' id='word_1_292' title='bbox 2180 2436 2234 2475; x_wconf 86' lang='lat' dir='ltr'><strong>et</strong></span> <span class='ocrx_word' id='word_1_293' title='bbox 2243 2424 2308 2476; x_wconf 81' lang='lat' dir='ltr'><strong>A.</strong></span> 
     </span>
    </p>

    <p class='ocr_par' dir='ltr' id='par_1_12' title="bbox 1329 2502 2313 2730">
     <span class='ocr_line' id='line_1_50' title="bbox 1408 2502 2313 2572; baseline -0.006 -16"><span class='ocrx_word' id='word_1_294' title='bbox 1408 2510 1527 2567; x_wconf 71' lang='lat'><strong>141.</strong></span> <span class='ocrx_word' id='word_1_295' title='bbox 1560 2506 1689 2567; x_wconf 79' lang='lat' dir='ltr'><strong>Quin</strong></span> <span class='ocrx_word' id='word_1_296' title='bbox 1719 2508 1860 2554; x_wconf 79' lang='lat' dir='ltr'><strong>trabe</strong></span> <span class='ocrx_word' id='word_1_297' title='bbox 1892 2502 2069 2571; x_wconf 72' lang='lat' dir='ltr'><strong>Qypriiz‘</strong></span> <span class='ocrx_word' id='word_1_298' title='bbox 2096 2508 2313 2572; x_wconf 76' lang='lat' dir='ltr'><strong>Aegeum</strong></span> 
     </span>
     <span class='ocr_line' id='line_1_51' title="bbox 1329 2576 2312 2655; baseline -0.001 -19"><span class='ocrx_word' id='word_1_299' title='bbox 1329 2587 1536 2651; x_wconf 66' lang='lat' dir='ltr'><strong>rapias]</strong></span> <span class='ocrx_word' id='word_1_300' title='bbox 1563 2582 1771 2655; x_wconf 82' lang='lat' dir='ltr'><strong>Rapide</strong></span> <span class='ocrx_word' id='word_1_301' title='bbox 1804 2588 1953 2636; x_wconf 80' lang='lat' dir='ltr'><strong>mare</strong></span> <span class='ocrx_word' id='word_1_302' title='bbox 1966 2576 2205 2655; x_wconf 45' lang='lat' dir='ltr'><strong>*um</strong></span> <span class='ocrx_word' id='word_1_303' title='bbox 2232 2600 2312 2635; x_wconf 82' lang='lat' dir='ltr'><strong>se·</strong></span> 
     </span>
     <span class='ocr_line' id='line_1_52' title="bbox 1334 2657 2094 2730; baseline -0.004 -12"><span class='ocrx_word' id='word_1_304' title='bbox 1334 2682 1437 2718; x_wconf 88' lang='lat' dir='ltr'><strong>ces.</strong></span> <span class='ocrx_word' id='word_1_305' title='bbox 1464 2662 1654 2715; x_wconf 84' lang='lat' dir='ltr'><strong>Horat.</strong></span> <span class='ocrx_word' id='word_1_306' title='bbox 1684 2663 1782 2715; x_wconf 87' lang='lat' dir='ltr'><strong>lib.</strong></span> <span class='ocrx_word' id='word_1_307' title='bbox 1814 2666 1842 2715; x_wconf 87' lang='grc' dir='ltr'>Ι</span> <span class='ocrx_word' id='word_1_308' title='bbox 1861 2703 1878 2730; x_wconf 86' lang='grc'>,</span> <span class='ocrx_word' id='word_1_309' title='bbox 1908 2657 2008 2717; x_wconf 63' lang='lat' dir='ltr'><strong>od!</strong></span> <span class='ocrx_word' id='word_1_310' title='bbox 2032 2682 2055 2716; x_wconf 90' lang='lat'>1</span> <span class='ocrx_word' id='word_1_311' title='bbox 2080 2682 2094 2715; x_wconf 76' lang='lat' dir='ltr'><strong>t</strong></span> 
     </span>
    </p>
   </div>
   <div class='ocr_carea' id='block_1_8' title="bbox 1332 2746 2286 2885">
    <p class='ocr_par' dir='ltr' id='par_1_13' title="bbox 1332 2746 2286 2885">
     <span class='ocr_line' id='line_1_53' title="bbox 1339 2746 2286 2811; baseline -0.003 -12"><span class='ocrx_word' id='word_1_312' title='bbox 1339 2783 1899 2799; x_wconf 83' lang='lat'><strong>............</strong></span> <span class='ocrx_word' id='word_1_313' title='bbox 1935 2746 2087 2795; x_wconf 84' lang='lat' dir='ltr'><strong>Trabe</strong></span> <span class='ocrx_word' id='word_1_314' title='bbox 2114 2748 2286 2811; x_wconf 56' lang='lat' dir='ltr'><strong>cyprii</strong></span> 
     </span>
     <span class='ocr_line' id='line_1_54' title="bbox 1332 2822 2239 2885; baseline -0.004 -14"><span class='ocrx_word' id='word_1_315' title='bbox 1332 2827 1571 2885; x_wconf 77' lang='lat' dir='ltr'><strong>Myrtoum</strong></span> <span class='ocrx_word' id='word_1_316' title='bbox 1587 2822 1783 2885; x_wconf 79' lang='lat' dir='ltr'><strong>pavidus</strong></span> <span class='ocrx_word' id='word_1_317' title='bbox 1802 2832 1941 2868; x_wconf 82' lang='lat' dir='ltr'><strong>nauta</strong></span> <span class='ocrx_word' id='word_1_318' title='bbox 1958 2833 2081 2867; x_wconf 87' lang='lat' dir='ltr'><strong>secet</strong></span> <span class='ocrx_word' id='word_1_319' title='bbox 2097 2836 2239 2868; x_wconf 79' lang='lat' dir='ltr'><strong>mare.</strong></span> 
     </span>
    </p>
   </div>
   <div class='ocr_carea' id='block_1_9' title="bbox 1333 2902 2321 3291">
    <p class='ocr_par' dir='ltr' id='par_1_14' title="bbox 1333 2902 2321 3291">
     <span class='ocr_line' id='line_1_55' title="bbox 1412 2902 2315 2967; baseline -0.008 -12"><span class='ocrx_word' id='word_1_320' title='bbox 1412 2914 1531 2962; x_wconf 72' lang='lat'><strong>142.</strong></span> <span class='ocrx_word' id='word_1_321' title='bbox 1575 2904 1683 2952; x_wconf 76' lang='grc' dir='ltr'><strong>Νῐεί</strong></span> <span class='ocrx_word' id='word_1_322' title='bbox 1717 2904 1867 2951; x_wconf 78' lang='lat' dir='ltr'><strong>solers</strong></span> <span class='ocrx_word' id='word_1_323' title='bbox 1908 2902 2113 2951; x_wconf 76' lang='lat' dir='ltr'><strong>luxuria</strong></span> <span class='ocrx_word' id='word_1_324' title='bbox 2153 2902 2315 2967; x_wconf 62' lang='lat' dir='ltr'><strong>ante]</strong></span> 
     </span>
     <span class='ocr_line' id='line_1_56' title="bbox 1333 2978 2319 3051; baseline -0.005 -16"><span class='ocrx_word' id='word_1_325' title='bbox 1333 2980 1647 3035; x_wconf 82' lang='lat' dir='ltr'><strong>Introducit</strong></span> <span class='ocrx_word' id='word_1_326' title='bbox 1674 2986 1837 3051; x_wconf 71' lang='lat' dir='ltr'><strong>poeta</strong></span> <span class='ocrx_word' id='word_1_327' title='bbox 1865 2978 2139 3030; x_wconf 82' lang='lat' dir='ltr'><strong>luxuriam</strong></span> <span class='ocrx_word' id='word_1_328' title='bbox 2155 3017 2171 3041; x_wconf 82' lang='lat'>‚</span> <span class='ocrx_word' id='word_1_329' title='bbox 2194 2996 2319 3049; x_wconf 74' lang='lat' dir='ltr'><strong>quae</strong></span> 
     </span>
     <span class='ocr_line' id='line_1_57' title="bbox 1334 3058 2317 3134; baseline -0.005 -18"><span class='ocrx_word' id='word_1_330' title='bbox 1334 3064 1673 3134; x_wconf 83' lang='lat' dir='ltr'><strong>mancipium</strong></span> <span class='ocrx_word' id='word_1_331' title='bbox 1699 3080 1859 3113; x_wconf 86' lang='lat' dir='ltr'><strong>suum</strong></span> <span class='ocrx_word' id='word_1_332' title='bbox 1886 3072 1939 3112; x_wconf 89' lang='lat' dir='ltr'><strong>et</strong></span> <span class='ocrx_word' id='word_1_333' title='bbox 1972 3078 2187 3113; x_wconf 83' lang='lat' dir='ltr'><strong>servum</strong></span> <span class='ocrx_word' id='word_1_334' title='bbox 2211 3058 2317 3111; x_wconf 88' lang='lat' dir='ltr'><strong>sibi</strong></span> 
     </span>
     <span class='ocr_line' id='line_1_58' title="bbox 1334 3138 2319 3216; baseline -0.007 -19"><span class='ocrx_word' id='word_1_335' title='bbox 1334 3157 1662 3216; x_wconf 84' lang='lat' dir='ltr'><strong>pereuntem</strong></span> <span class='ocrx_word' id='word_1_336' title='bbox 1699 3154 1752 3194; x_wconf 89' lang='lat' dir='ltr'><strong>et</strong></span> <span class='ocrx_word' id='word_1_337' title='bbox 1782 3142 2025 3212; x_wconf 84' lang='lat' dir='ltr'><strong>elapsum</strong></span> <span class='ocrx_word' id='word_1_338' title='bbox 2064 3158 2207 3211; x_wconf 89' lang='lat' dir='ltr'><strong>pene</strong></span> <span class='ocrx_word' id='word_1_339' title='bbox 2234 3138 2319 3191; x_wconf 75' lang='lat' dir='ltr'><strong>vi·</strong></span> 
     </span>
     <span class='ocr_line' id='line_1_59' title="bbox 1337 3224 2321 3291; baseline -0.013 -11"><span class='ocrx_word' id='word_1_340' title='bbox 1337 3224 1471 3279; x_wconf 84' lang='lat' dir='ltr'><strong>dens</strong></span> <span class='ocrx_word' id='word_1_341' title='bbox 1486 3264 1503 3291; x_wconf 83' lang='lat'>‚</span> <span class='ocrx_word' id='word_1_342' title='bbox 1524 3242 1652 3278; x_wconf 88' lang='lat' dir='ltr'><strong>eum</strong></span> <span class='ocrx_word' id='word_1_343' title='bbox 1670 3224 1907 3277; x_wconf 81' lang='lat' dir='ltr'><strong>retinere</strong></span> <span class='ocrx_word' id='word_1_344' title='bbox 1934 3233 2205 3274; x_wconf 87' lang='lat' dir='ltr'><strong>tentat.--</strong></span> <span class='ocrx_word' id='word_1_345' title='bbox 2218 3224 2321 3269; x_wconf 73' lang='lat' dir='ltr'><strong>Lu-</strong></span> 
     </span>
    </p>
   </div>
   <div class='ocr_carea' id='block_1_10' title="bbox 271 3392 2327 3718">
    <p class='ocr_par' dir='ltr' id='par_1_15' title="bbox 271 3392 2327 3718">
     <span class='ocr_line' id='line_1_60' title="bbox 338 3392 2321 3473; baseline -0.006 -14"><span class='ocrx_word' id='word_1_346' title='bbox 338 3414 409 3460; x_wconf 82' lang='lat' dir='ltr'><strong>V.</strong></span> <span class='ocrx_word' id='word_1_347' title='bbox 438 3412 554 3461; x_wconf 83' lang='lat'><strong>138.</strong></span> <span class='ocrx_word' id='word_1_348' title='bbox 586 3409 734 3458; x_wconf 85' lang='lat' dir='ltr'><strong>Varo.</strong></span> <span class='ocrx_word' id='word_1_349' title='bbox 763 3414 840 3459; x_wconf 84' lang='lat' dir='ltr'><strong>Ita</strong></span> <span class='ocrx_word' id='word_1_350' title='bbox 878 3392 1051 3460; x_wconf 80' lang='lat' dir='ltr'><strong>omues</strong></span> <span class='ocrx_word' id='word_1_351' title='bbox 1076 3408 1220 3457; x_wconf 82' lang='lat' dir='ltr'><strong>codd.</strong></span> <span class='ocrx_word' id='word_1_352' title='bbox 1241 3416 1421 3473; x_wconf 80' lang='lat' dir='ltr'><strong>praeter</strong></span> <span class='ocrx_word' id='word_1_353' title='bbox 1444 3406 1643 3455; x_wconf 86' lang='lat' dir='ltr'><strong>Thuau.</strong></span> <span class='ocrx_word' id='word_1_354' title='bbox 1671 3399 1733 3452; x_wconf 81' lang='lat' dir='ltr'><strong>n⁰</strong></span> <span class='ocrx_word' id='word_1_355' title='bbox 1756 3404 1895 3465; x_wconf 75' lang='lat'>6984</span> <span class='ocrx_word' id='word_1_356' title='bbox 1914 3436 1927 3460; x_wconf 95' lang='lat'>‚</span> <span class='ocrx_word' id='word_1_357' title='bbox 1952 3399 2247 3451; x_wconf 81' lang='lat' dir='ltr'><strong>vet.·schol.</strong></span> <span class='ocrx_word' id='word_1_358' title='bbox 2266 3409 2321 3448; x_wconf 74' lang='lat' dir='ltr'><strong>et</strong></span> 
     </span>
     <span class='ocr_line' id='line_1_61' title="bbox 271 3478 2318 3559; baseline -0.005 -19"><span class='ocrx_word' id='word_1_359' title='bbox 271 3489 332 3540; x_wconf 81' lang='lat'><strong>11⁰</strong></span> <span class='ocrx_word' id='word_1_360' title='bbox 367 3493 534 3551; x_wconf 78' lang='lat'><strong>8050,</strong></span> <span class='ocrx_word' id='word_1_361' title='bbox 565 3494 657 3559; x_wconf 89' lang='lat' dir='ltr'><strong>qui</strong></span> <span class='ocrx_word' id='word_1_362' title='bbox 689 3492 878 3541; x_wconf 85' lang='lat' dir='ltr'><strong>habeut</strong></span> <span class='ocrx_word' id='word_1_363' title='bbox 913 3493 1052 3539; x_wconf 71' lang='lat' dir='ltr'><strong>baro.</strong></span> <span class='ocrx_word' id='word_1_364' title='bbox 1089 3492 1159 3538; x_wconf 70' lang='lat' dir='ltr'><strong>At</strong></span> <span class='ocrx_word' id='word_1_365' title='bbox 1187 3504 1366 3553; x_wconf 79' lang='lat' dir='ltr'><strong>parum</strong></span> <span class='ocrx_word' id='word_1_366' title='bbox 1401 3487 1553 3535; x_wconf 83' lang='lat' dir='ltr'><strong>distat</strong></span> <span class='ocrx_word' id='word_1_367' title='bbox 1584 3488 1721 3533; x_wconf 86' lang='lat' dir='ltr'><strong>inter</strong></span> <span class='ocrx_word' id='word_1_368' title='bbox 1758 3485 1878 3532; x_wconf 83' lang='lat' dir='ltr'><strong>baro</strong></span> <span class='ocrx_word' id='word_1_369' title='bbox 1910 3494 1961 3531; x_wconf 82' lang='lat' dir='ltr'><strong>et</strong></span> <span class='ocrx_word' id='word_1_370' title='bbox 1996 3499 2129 3529; x_wconf 78' lang='lat' dir='ltr'><strong>varo</strong></span> <span class='ocrx_word' id='word_1_371' title='bbox 2149 3498 2167 3527; x_wconf 93' lang='grc'><strong>.·</strong></span> <span class='ocrx_word' id='word_1_372' title='bbox 2198 3478 2318 3529; x_wconf 73' lang='lat' dir='ltr'><strong>oiim</strong></span> 
     </span>
     <span class='ocr_line' id='line_1_62' title="bbox 271 3560 2322 3639; baseline -0.006 -18"><span class='ocrx_word' id='word_1_373' title='bbox 271 3574 447 3623; x_wconf 83' lang='lat' dir='ltr'><strong>litterae</strong></span> <span class='ocrx_word' id='word_1_374' title='bbox 464 3590 506 3621; x_wconf 76' lang='lat' dir='ltr'><em>v</em></span> <span class='ocrx_word' id='word_1_375' title='bbox 528 3584 577 3621; x_wconf 86' lang='lat' dir='ltr'><strong>et</strong></span> <span class='ocrx_word' id='word_1_376' title='bbox 599 3574 627 3621; x_wconf 80' lang='lat' dir='ltr'><em>h</em></span> <span class='ocrx_word' id='word_1_377' title='bbox 645 3590 773 3639; x_wconf 85' lang='lat' dir='ltr'><strong>saepe</strong></span> <span class='ocrx_word' id='word_1_378' title='bbox 800 3572 857 3619; x_wconf 85' lang='lat' dir='ltr'><strong>in</strong></span> <span class='ocrx_word' id='word_1_379' title='bbox 881 3570 1298 3637; x_wconf 88' lang='lat' dir='ltr'><strong>pronuntiatione</strong></span> <span class='ocrx_word' id='word_1_380' title='bbox 1318 3567 1699 3616; x_wconf 83' lang='lat' dir='ltr'><strong>confundantur</strong></span> <span class='ocrx_word' id='word_1_381' title='bbox 1712 3600 1727 3625; x_wconf 93' lang='lat'><em>‚</em></span> <span class='ocrx_word' id='word_1_382' title='bbox 1748 3575 1807 3612; x_wconf 89' lang='lat' dir='ltr'><strong>ut</strong></span> <span class='ocrx_word' id='word_1_383' title='bbox 1829 3562 1889 3611; x_wconf 80' lang='lat' dir='ltr'><strong>fit</strong></span> <span class='ocrx_word' id='word_1_384' title='bbox 1913 3564 1993 3613; x_wconf 83' lang='lat' dir='ltr'><strong>vel</strong></span> <span class='ocrx_word' id='word_1_385' title='bbox 2013 3562 2166 3611; x_wconf 84' lang='lat' dir='ltr'><strong>hodie</strong></span> <span class='ocrx_word' id='word_1_386' title='bbox 2183 3560 2322 3627; x_wconf 84' lang='lat' dir='ltr'><strong>apud</strong></span> 
     </span>
     <span class='ocr_line' id='line_1_63' title="bbox 273 3640 2327 3718; baseline -0.007 -15"><span class='ocrx_word' id='word_1_387' title='bbox 273 3652 525 3707; x_wconf 72' lang='lat' dir='ltr'><strong>Vascones</strong></span> <span class='ocrx_word' id='word_1_388' title='bbox 550 3665 600 3701; x_wconf 87' lang='lat' dir='ltr'><strong>et</strong></span> <span class='ocrx_word' id='word_1_389' title='bbox 625 3655 894 3718; x_wconf 85' lang='lat' dir='ltr'><strong>Hispanos.</strong></span> <span class='ocrx_word' id='word_1_390' title='bbox 912 3656 1027 3700; x_wconf 81' lang='lat' dir='ltr'><strong>Vet.</strong></span> <span class='ocrx_word' id='word_1_391' title='bbox 1053 3650 1286 3699; x_wconf 82' lang='lat' dir='ltr'><strong>scholion</strong></span> <span class='ocrx_word' id='word_1_392' title='bbox 1313 3648 1505 3698; x_wconf 83' lang='lat' dir='ltr'><strong>codicis</strong></span> <span class='ocrx_word' id='word_1_393' title='bbox 1538 3648 1675 3695; x_wconf 81' lang='lat'><strong>8050</strong></span> <span class='ocrx_word' id='word_1_394' title='bbox 1705 3657 1809 3700; x_wconf 72' lang='lat' dir='ltr'><strong>est:</strong></span> <span class='ocrx_word' id='word_1_395' title='bbox 1829 3660 2045 3693; x_wconf 69' lang='lat' dir='ltr'><strong>marones</strong></span> <span class='ocrx_word' id='word_1_396' title='bbox 2070 3654 2184 3691; x_wconf 77' lang='lat' dir='ltr'><strong>sunt</strong></span> <span class='ocrx_word' id='word_1_397' title='bbox 2200 3640 2327 3689; x_wconf 80' lang='lat' dir='ltr'><strong>servi</strong></span> 
     </span>
    </p>
   </div>
   <div class='ocr_carea' id='block_1_11' title="bbox 279 3730 1106 3797">
    <p class='ocr_par' dir='ltr' id='par_1_16' title="bbox 279 3730 1106 3797">
     <span class='ocr_line' id='line_1_64' title="bbox 279 3730 1106 3797; baseline -0.006 -15"><span class='ocrx_word' id='word_1_398' title='bbox 279 3734 488 3783; x_wconf 77' lang='lat' dir='ltr'><strong>militum</strong></span> <span class='ocrx_word' id='word_1_399' title='bbox 499 3768 516 3791; x_wconf 93' lang='lat'>‚</span> <span class='ocrx_word' id='word_1_400' title='bbox 538 3732 630 3797; x_wconf 81' lang='lat' dir='ltr'><strong>qui</strong></span> <span class='ocrx_word' id='word_1_401' title='bbox 649 3744 767 3781; x_wconf 72' lang='lat' dir='ltr'><strong>sunt</strong></span> <span class='ocrx_word' id='word_1_402' title='bbox 775 3732 934 3780; x_wconf 76' lang='lat' dir='ltr'><strong>valde</strong></span> <span class='ocrx_word' id='word_1_403' title='bbox 956 3730 1106 3779; x_wconf 78' lang='lat' dir='ltr'><strong>stulti.</strong></span> 
     </span>
    </p>
   </div>
   <div class='ocr_carea' id='block_1_12' title="bbox 346 3824 2322 3903">
    <p class='ocr_par' dir='ltr' id='par_1_17' title="bbox 346 3824 2322 3903">
     <span class='ocr_line' id='line_1_65' title="bbox 346 3824 2322 3903; baseline -0.008 -14"><span class='ocrx_word' id='word_1_404' title='bbox 346 3844 410 3889; x_wconf 81' lang='lat' dir='ltr'><strong>V.</strong></span> <span class='ocrx_word' id='word_1_405' title='bbox 440 3858 462 3887; x_wconf 89' lang='lat'>1</span> <span class='ocrx_word' id='word_1_406' title='bbox 475 3842 556 3903; x_wconf 84' lang='lat'><strong>39.</strong></span> <span class='ocrx_word' id='word_1_407' title='bbox 582 3840 854 3887; x_wconf 82' lang='lat' dir='ltr'><strong>Contentus.</strong></span> <span class='ocrx_word' id='word_1_408' title='bbox 873 3836 977 3887; x_wconf 84' lang='lat' dir='ltr'><strong>Co‘d</strong></span> <span class='ocrx_word' id='word_1_409' title='bbox 985 3836 1033 3884; x_wconf 83' lang='lat' dir='ltr'><strong>d.</strong></span> <span class='ocrx_word' id='word_1_410' title='bbox 1055 3831 1251 3885; x_wconf 81' lang='lat' dir='ltr'><strong>Pith&#39;oei</strong></span> <span class='ocrx_word' id='word_1_411' title='bbox 1271 3836 1321 3893; x_wconf 82' lang='grc' dir='ltr'><strong>Ι,</strong></span> <span class='ocrx_word' id='word_1_412' title='bbox 1349 3832 1484 3882; x_wconf 80' lang='grc'>8050</span> <span class='ocrx_word' id='word_1_413' title='bbox 1500 3868 1514 3891; x_wconf 93' lang='grc'><strong>,</strong></span> <span class='ocrx_word' id='word_1_414' title='bbox 1542 3824 1677 3893; x_wconf 73' lang='lat'><strong>8273</strong></span> <span class='ocrx_word' id='word_1_415' title='bbox 1690 3866 1705 3890; x_wconf 96' lang='lat'>‚</span> <span class='ocrx_word' id='word_1_416' title='bbox 1726 3841 1775 3878; x_wconf 85' lang='lat' dir='ltr'><strong>et</strong></span> <span class='ocrx_word' id='word_1_417' title='bbox 1793 3841 1991 3889; x_wconf 85' lang='lat' dir='ltr'><strong>noster,</strong></span> <span class='ocrx_word' id='word_1_418' title='bbox 2010 3836 2322 3892; x_wconf 80' lang='lat' dir='ltr'><strong>contemptus.</strong></span> 
     </span>
    </p>
   </div>
   <div class='ocr_carea' id='block_1_13' title="bbox 277 3918 2322 4155">
    <p class='ocr_par' dir='ltr' id='par_1_18' title="bbox 277 3918 2322 4155">
     <span class='ocr_line' id='line_1_66' title="bbox 344 3918 2322 4009; baseline -0.008 -14"><span class='ocrx_word' id='word_1_419' title='bbox 344 3950 408 3995; x_wconf 81' lang='lat' dir='ltr'><strong>V.</strong></span> <span class='ocrx_word' id='word_1_420' title='bbox 442 3964 464 3993; x_wconf 89' lang='lat'>1</span> <span class='ocrx_word' id='word_1_421' title='bbox 477 3955 558 4003; x_wconf 78' lang='grc' dir='ltr'><strong>4ο.</strong></span> <span class='ocrx_word' id='word_1_422' title='bbox 578 3948 691 3993; x_wconf 81' lang='lat' dir='ltr'><strong>Iam</strong></span> <span class='ocrx_word' id='word_1_423' title='bbox 701 3960 832 4009; x_wconf 80' lang='lat' dir='ltr'><strong>puer</strong></span> <span class='ocrx_word' id='word_1_424' title='bbox 856 3942 908 3991; x_wconf 82' lang='lat' dir='ltr'><strong>is.</strong></span> <span class='ocrx_word' id='word_1_425' title='bbox 921 3943 1151 3991; x_wconf 65' lang='lat' dir='ltr'><strong>⁴Restitui</strong></span> <span class='ocrx_word' id='word_1_426' title='bbox 1176 3941 1308 3989; x_wconf 86' lang='lat' dir='ltr'><strong>hanc</strong></span> <span class='ocrx_word' id='word_1_427' title='bbox 1335 3941 1605 3989; x_wconf 73' lang='lat' dir='ltr'><strong>lectionem</strong></span> <span class='ocrx_word' id='word_1_428' title='bbox 1624 3954 1691 3985; x_wconf 85' lang='lat' dir='ltr'><strong>ex</strong></span> <span class='ocrx_word' id='word_1_429' title='bbox 1708 3918 1949 3991; x_wconf 81' lang='lat' dir='ltr'><strong>omuibus</strong></span> <span class='ocrx_word' id='word_1_430' title='bbox 1971 3930 2118 3983; x_wconf 67' lang='lat' dir='ltr'><strong>codd.</strong></span> <span class='ocrx_word' id='word_1_431' title='bbox 2138 3933 2322 3982; x_wconf 77' lang='lat' dir='ltr'><strong>nostris</strong></span> 
     </span>
     <span class='ocr_line' id='line_1_67' title="bbox 277 4012 2321 4079; baseline -0.006 -7"><span class='ocrx_word' id='word_1_432' title='bbox 277 4036 328 4073; x_wconf 82' lang='lat' dir='ltr'><strong>et</strong></span> <span class='ocrx_word' id='word_1_433' title='bbox 353 4036 451 4073; x_wconf 85' lang='lat' dir='ltr'><strong>vet.</strong></span> <span class='ocrx_word' id='word_1_434' title='bbox 483 4026 640 4073; x_wconf 84' lang='lat' dir='ltr'><strong>schol.</strong></span> <span class='ocrx_word' id='word_1_435' title='bbox 671 4035 843 4071; x_wconf 85' lang='lat' dir='ltr'><strong>contra</strong></span> <span class='ocrx_word' id='word_1_436' title='bbox 872 4022 1083 4071; x_wconf 83' lang='lat' dir='ltr'><strong>Casaub.</strong></span> <span class='ocrx_word' id='word_1_437' title='bbox 1113 4020 1238 4070; x_wconf 83' lang='lat' dir='ltr'><strong>cod.</strong></span> <span class='ocrx_word' id='word_1_438' title='bbox 1267 4018 1490 4069; x_wconf 83' lang='lat' dir='ltr'><strong>colbert.</strong></span> <span class='ocrx_word' id='word_1_439' title='bbox 1522 4020 1628 4075; x_wconf 85' lang='lat'>111,</span> <span class='ocrx_word' id='word_1_440' title='bbox 1640 4016 1811 4079; x_wconf 79' lang='lat' dir='ltr'><strong>pueris</strong></span> <span class='ocrx_word' id='word_1_441' title='bbox 1824 4050 1843 4074; x_wconf 91' lang='lat'>,</span> <span class='ocrx_word' id='word_1_442' title='bbox 1862 4027 1915 4064; x_wconf 87' lang='lat' dir='ltr'><strong>et</strong></span> <span class='ocrx_word' id='word_1_443' title='bbox 1934 4024 2035 4064; x_wconf 85' lang='lat' dir='ltr'><strong>vet.</strong></span> <span class='ocrx_word' id='word_1_444' title='bbox 2065 4016 2185 4063; x_wconf 80' lang='lat' dir='ltr'><strong>edit.</strong></span> <span class='ocrx_word' id='word_1_445' title='bbox 2214 4012 2321 4063; x_wconf 77' lang='lat' dir='ltr'><strong>Bri-</strong></span> 
     </span>
     <span class='ocr_line' id='line_1_68' title="bbox 279 4095 1769 4155; baseline -0.006 -2"><span class='ocrx_word' id='word_1_446' title='bbox 279 4106 481 4155; x_wconf 83' lang='lat' dir='ltr'><strong>tannici.</strong></span> <span class='ocrx_word' id='word_1_447' title='bbox 503 4108 658 4155; x_wconf 85' lang='lat' dir='ltr'><strong>Error</strong></span> <span class='ocrx_word' id='word_1_448' title='bbox 677 4104 836 4154; x_wconf 74' lang='lat' dir='ltr'><strong>facilis</strong></span> <span class='ocrx_word' id='word_1_449' title='bbox 856 4104 956 4152; x_wconf 85' lang='lat' dir='ltr'><strong>fuit</strong></span> <span class='ocrx_word' id='word_1_450' title='bbox 981 4103 1040 4151; x_wconf 83' lang='lat' dir='ltr'><strong>in</strong></span> <span class='ocrx_word' id='word_1_451' title='bbox 1057 4102 1141 4151; x_wconf 72' lang='lat' dir='ltr'><strong>his</strong></span> <span class='ocrx_word' id='word_1_452' title='bbox 1159 4100 1459 4150; x_wconf 70' lang='lat' dir='ltr'><strong>nominihus</strong></span> <span class='ocrx_word' id='word_1_453' title='bbox 1475 4095 1769 4148; x_wconf 65' lang='lat' dir='ltr'><strong>scribendis.</strong></span> 
     </span>
    </p>
   </div>
  </div>
 </body>
</html>
