<?xml version="1.0" encoding="UTF-8"?>
<!DOCTYPE html PUBLIC "-//W3C//DTD XHTML 1.0 Transitional//EN"
    "http://www.w3.org/TR/xhtml1/DTD/xhtml1-transitional.dtd">
<html xmlns="http://www.w3.org/1999/xhtml" xml:lang="en" lang="en">
 <head>
  <title>
</title>
<meta http-equiv="Content-Type" content="text/html;charset=utf-8" />
  <meta name='ocr-system' content='tesseract 3.04.00' />
  <meta name='ocr-capabilities' content='ocr_page ocr_carea ocr_par ocr_line ocrx_word'/>
</head>
<body>
  <div class='ocr_page' id='page_1' title='image "aulipersiiflacc00achagoog_0031.png"; bbox 0 0 2775 4619; ppageno 0'>
   <div class='ocr_carea' id='block_1_1' title="bbox 732 404 2201 480">
    <p class='ocr_par' dir='ltr' id='par_1_1' title="bbox 732 404 2201 480">
     <span class='ocr_line' id='line_1_1' title="bbox 732 404 2201 480; baseline 0.007 -10"><span class='ocrx_word' id='word_1_1' title='bbox 732 407 812 471; x_wconf 88' lang='lat' dir='ltr'><strong>A.</strong></span> <span class='ocrx_word' id='word_1_2' title='bbox 877 404 1206 473; x_wconf 87' lang='lat' dir='ltr'><strong>PERSII</strong></span> <span class='ocrx_word' id='word_1_3' title='bbox 1264 407 1649 474; x_wconf 83' lang='lat' dir='ltr'>FLACCI.</span> <span class='ocrx_word' id='word_1_4' title='bbox 2076 435 2201 480; x_wconf 75' lang='lat' dir='ltr'><strong>xxv</strong></span> 
     </span>
    </p>
   </div>
   <div class='ocr_carea' id='block_1_2' title="bbox 152 527 2203 610">
    <p class='ocr_par' dir='ltr' id='par_1_2' title="bbox 152 527 2203 610">
     <span class='ocr_line' id='line_1_2' title="bbox 152 527 2203 610; baseline 0.003 -21"><span class='ocrx_word' id='word_1_5' title='bbox 152 539 434 589; x_wconf 79' lang='lat' dir='ltr'><strong>exaratus.</strong></span> <span class='ocrx_word' id='word_1_6' title='bbox 483 527 921 609; x_wconf 78' lang='lat' dir='ltr'>complectitur</span> <span class='ocrx_word' id='word_1_7' title='bbox 949 529 1124 590; x_wconf 84' lang='lat' dir='ltr'><strong>statii</strong></span> <span class='ocrx_word' id='word_1_8' title='bbox 1167 531 1407 610; x_wconf 75' lang='lat' dir='ltr'><strong>sylvas,</strong></span> <span class='ocrx_word' id='word_1_9' title='bbox 1435 533 1701 592; x_wconf 78' lang='lat' dir='ltr'><strong>Persium</strong></span> <span class='ocrx_word' id='word_1_10' title='bbox 1744 552 1885 592; x_wconf 85' lang='lat' dir='ltr'><strong>cum</strong></span> <span class='ocrx_word' id='word_1_11' title='bbox 1919 535 2105 607; x_wconf 87' lang='lat' dir='ltr'><strong>notis,</strong></span> <span class='ocrx_word' id='word_1_12' title='bbox 2140 550 2203 596; x_wconf 84' lang='lat' dir='ltr'><strong>et</strong></span> 
     </span>
    </p>
   </div>
   <div class='ocr_carea' id='block_1_3' title="bbox 151 628 2203 784">
    <p class='ocr_par' dir='ltr' id='par_1_3' title="bbox 151 628 2203 784">
     <span class='ocr_line' id='line_1_3' title="bbox 151 628 2203 712; baseline 0.003 -28"><span class='ocrx_word' id='word_1_13' title='bbox 151 629 254 685; x_wconf 86' lang='lat' dir='ltr'><strong>alia</strong></span> <span class='ocrx_word' id='word_1_14' title='bbox 284 628 602 706; x_wconf 86' lang='lat' dir='ltr'><strong>opuscula.</strong></span> <span class='ocrx_word' id='word_1_15' title='bbox 633 632 738 688; x_wconf 86' lang='lat' dir='ltr'><strong>Sat</strong></span> <span class='ocrx_word' id='word_1_16' title='bbox 762 630 916 688; x_wconf 86' lang='lat' dir='ltr'><strong>hene</strong></span> <span class='ocrx_word' id='word_1_17' title='bbox 949 633 1199 709; x_wconf 75' lang='lat' dir='ltr'><strong>scriptus</strong></span> <span class='ocrx_word' id='word_1_18' title='bbox 1228 642 1289 689; x_wconf 89' lang='lat' dir='ltr'><strong>et</strong></span> <span class='ocrx_word' id='word_1_19' title='bbox 1321 643 1622 703; x_wconf 82' lang='lat' dir='ltr'><strong>exaratus,</strong></span> <span class='ocrx_word' id='word_1_20' title='bbox 1650 651 1884 692; x_wconf 82' lang='lat' dir='ltr'><strong>necnon</strong></span> <span class='ocrx_word' id='word_1_21' title='bbox 1910 633 2065 692; x_wconf 83' lang='lat' dir='ltr'><strong>inter</strong></span> <span class='ocrx_word' id='word_1_22' title='bbox 2090 654 2203 712; x_wconf 84' lang='lat' dir='ltr'><strong>op·-</strong></span> 
     </span>
     <span class='ocr_line' id='line_1_4' title="bbox 155 725 849 784; baseline 0.004 -5"><span class='ocrx_word' id='word_1_23' title='bbox 155 725 318 783; x_wconf 81' lang='lat' dir='ltr'><strong>timos</strong></span> <span class='ocrx_word' id='word_1_24' title='bbox 338 725 849 784; x_wconf 81' lang='lat' dir='ltr'><strong>annumerandus.</strong></span> 
     </span>
    </p>
   </div>
   <div class='ocr_carea' id='block_1_4' title="bbox 225 891 2023 1153">
    <p class='ocr_par' dir='ltr' id='par_1_4' title="bbox 225 891 2023 1153">
     <span class='ocr_line' id='line_1_5' title="bbox 405 891 1932 996; baseline 0.004 -40"><span class='ocrx_word' id='word_1_25' title='bbox 405 891 594 958; x_wconf 87' lang='lat' dir='ltr'>XVI.</span> <span class='ocrx_word' id='word_1_26' title='bbox 649 893 985 958; x_wconf 75' lang='lat' dir='ltr'><strong>Thuaneus</strong></span> <span class='ocrx_word' id='word_1_27' title='bbox 1027 893 1125 975; x_wconf 89' lang='lat' dir='ltr'><strong>ll,</strong></span> <span class='ocrx_word' id='word_1_28' title='bbox 1152 909 1306 996; x_wconf 70' lang='lat' dir='ltr'><strong>post</strong></span> <span class='ocrx_word' id='word_1_29' title='bbox 1345 893 1617 979; x_wconf 58' lang='lat' dir='ltr'><strong>colbert.</strong></span> <span class='ocrx_word' id='word_1_30' title='bbox 1660 895 1932 986; x_wconf 85' lang='lat'><strong>(8290).</strong></span> 
     </span>
     <span class='ocr_line' id='line_1_6' title="bbox 225 1068 2023 1153; baseline 0.002 -27"><span class='ocrx_word' id='word_1_31' title='bbox 225 1068 380 1128; x_wconf 81' lang='lat' dir='ltr'><strong>Vide</strong></span> <span class='ocrx_word' id='word_1_32' title='bbox 407 1068 659 1128; x_wconf 86' lang='lat' dir='ltr'><strong>Elench.</strong></span> <span class='ocrx_word' id='word_1_33' title='bbox 691 1070 867 1129; x_wconf 89' lang='lat' dir='ltr'><strong>codd.</strong></span> <span class='ocrx_word' id='word_1_34' title='bbox 899 1071 1194 1129; x_wconf 75' lang='lat' dir='ltr'><strong>,Iuvenalis</strong></span> <span class='ocrx_word' id='word_1_35' title='bbox 1213 1113 1230 1141; x_wconf 93' lang='lat'>‚</span> <span class='ocrx_word' id='word_1_36' title='bbox 1259 1073 1326 1129; x_wconf 87' lang='lat' dir='ltr'><strong>T.</strong></span> <span class='ocrx_word' id='word_1_37' title='bbox 1355 1075 1415 1130; x_wconf 89' lang='lat'><strong>11</strong></span> <span class='ocrx_word' id='word_1_38' title='bbox 1436 1084 1649 1130; x_wconf 81' lang='lat' dir='ltr'><strong>nostrae</strong></span> <span class='ocrx_word' id='word_1_39' title='bbox 1672 1071 1813 1130; x_wconf 85' lang='lat' dir='ltr'><strong>edit.</strong></span> <span class='ocrx_word' id='word_1_40' title='bbox 1836 1094 1898 1153; x_wconf 88' lang='lat' dir='ltr'><strong>p.</strong></span> <span class='ocrx_word' id='word_1_41' title='bbox 1929 1074 2023 1147; x_wconf 84' lang='grc'><strong>37.</strong></span> 
     </span>
    </p>
   </div>
   <div class='ocr_carea' id='block_1_5' title="bbox 233 1237 1872 2014">
    <p class='ocr_par' dir='ltr' id='par_1_5' title="bbox 233 1237 1872 1490">
     <span class='ocr_line' id='line_1_7' title="bbox 481 1237 1872 1330; baseline 0.003 -29"><span class='ocrx_word' id='word_1_42' title='bbox 481 1237 704 1303; x_wconf 85' lang='lat' dir='ltr'><strong>XVII.</strong></span> <span class='ocrx_word' id='word_1_43' title='bbox 767 1237 990 1303; x_wconf 78' lang='lat' dir='ltr'><strong>Codex</strong></span> <span class='ocrx_word' id='word_1_44' title='bbox 1013 1239 1266 1330; x_wconf 78' lang='lat' dir='ltr'><strong>absque</strong></span> <span class='ocrx_word' id='word_1_45' title='bbox 1308 1242 1569 1303; x_wconf 80' lang='lat' dir='ltr'><strong>nomine</strong></span> <span class='ocrx_word' id='word_1_46' title='bbox 1603 1237 1872 1329; x_wconf 76' lang='lat'>(82&#39;91&#39;).</span> 
     </span>
     <span class='ocr_line' id='line_1_8' title="bbox 233 1412 738 1490; baseline -0.006 -17"><span class='ocrx_word' id='word_1_47' title='bbox 233 1412 504 1482; x_wconf 74' lang='lat' dir='ltr'><strong>ibidem,</strong></span> <span class='ocrx_word' id='word_1_48' title='bbox 533 1433 594 1490; x_wconf 86' lang='lat' dir='ltr'><strong>p.</strong></span> <span class='ocrx_word' id='word_1_49' title='bbox 632 1413 738 1490; x_wconf 80' lang='lat'><strong>39:</strong></span> 
     </span>
    </p>

    <p class='ocr_par' dir='ltr' id='par_1_6' title="bbox 235 1571 1869 1828">
     <span class='ocr_line' id='line_1_9' title="bbox 486 1571 1869 1664; baseline 0.003 -28"><span class='ocrx_word' id='word_1_50' title='bbox 486 1571 736 1637; x_wconf 85' lang='lat' dir='ltr'><strong>XVIII.</strong></span> <span class='ocrx_word' id='word_1_51' title='bbox 805 1571 1028 1638; x_wconf 80' lang='lat' dir='ltr'><em>Codex</em></span> <span class='ocrx_word' id='word_1_52' title='bbox 1065 1571 1456 1640; x_wconf 72' lang='lat' dir='ltr'><em>colbertinus</em></span> <span class='ocrx_word' id='word_1_53' title='bbox 1502 1575 1577 1642; x_wconf 90' lang='lat' dir='ltr'><em>V</em></span> <span class='ocrx_word' id='word_1_54' title='bbox 1596 1573 1869 1664; x_wconf 82' lang='lat'>(8293).</span> 
     </span>
     <span class='ocr_line' id='line_1_10' title="bbox 235 1748 730 1828; baseline 0.002 -21"><span class='ocrx_word' id='word_1_55' title='bbox 235 1748 506 1820; x_wconf 53' lang='lat' dir='ltr'><strong>stadem,</strong></span> <span class='ocrx_word' id='word_1_56' title='bbox 537 1771 599 1828; x_wconf 85' lang='lat' dir='ltr'><strong>p.</strong></span> <span class='ocrx_word' id='word_1_57' title='bbox 631 1751 730 1823; x_wconf 85' lang='lat'><strong>37.</strong></span> 
     </span>
    </p>

    <p class='ocr_par' dir='ltr' id='par_1_7' title="bbox 491 1916 1867 2014">
     <span class='ocr_line' id='line_1_11' title="bbox 491 1916 1867 2014; baseline 0.004 -34"><span class='ocrx_word' id='word_1_58' title='bbox 491 1917 678 1982; x_wconf 85' lang='lat' dir='ltr'><strong>XIX.</strong></span> <span class='ocrx_word' id='word_1_59' title='bbox 737 1916 959 1985; x_wconf 79' lang='lat' dir='ltr'><strong>Codex</strong></span> <span class='ocrx_word' id='word_1_60' title='bbox 1006 1919 1241 2008; x_wconf 78' lang='lat' dir='ltr'><em>absque</em></span> <span class='ocrx_word' id='word_1_61' title='bbox 1288 1923 1539 2014; x_wconf 53' lang='lat' dir='ltr'><strong>nomine</strong></span> <span class='ocrx_word' id='word_1_62' title='bbox 1582 1919 1867 2010; x_wconf 87' lang='lat'><em>(8610).</em></span> 
     </span>
    </p>
   </div>
   <div class='ocr_carea' id='block_1_6' title="bbox 161 2094 2203 2565">
    <p class='ocr_par' dir='ltr' id='par_1_8' title="bbox 161 2094 2203 2565">
     <span class='ocr_line' id='line_1_12' title="bbox 233 2094 2201 2164; baseline 0.002 -12"><span class='ocrx_word' id='word_1_63' title='bbox 233 2094 724 2152; x_wconf 79' lang='lat' dir='ltr'><strong>Membranaceus</strong></span> <span class='ocrx_word' id='word_1_64' title='bbox 762 2095 824 2152; x_wconf 87' lang='lat' dir='ltr'><strong>in</strong></span> <span class='ocrx_word' id='word_1_65' title='bbox 853 2097 911 2164; x_wconf 69' lang='lat'><strong>[0⁰</strong></span> <span class='ocrx_word' id='word_1_66' title='bbox 939 2095 1082 2154; x_wconf 90' lang='lat' dir='ltr'><strong>min.</strong></span> <span class='ocrx_word' id='word_1_67' title='bbox 1125 2107 1399 2154; x_wconf 80' lang='lat' dir='ltr'><strong>constans</strong></span> <span class='ocrx_word' id='word_1_68' title='bbox 1439 2095 1514 2154; x_wconf 89' lang='grc'><strong>88</strong></span> <span class='ocrx_word' id='word_1_69' title='bbox 1556 2095 1732 2153; x_wconf 81' lang='lat' dir='ltr'><strong>foliis.</strong></span> <span class='ocrx_word' id='word_1_70' title='bbox 1761 2094 2014 2154; x_wconf 83' lang='lat' dir='ltr'><strong>Exhibet</strong></span> <span class='ocrx_word' id='word_1_71' title='bbox 2051 2101 2201 2156; x_wconf 84' lang='lat' dir='ltr'><strong>Leo-</strong></span> 
     </span>
     <span class='ocr_line' id='line_1_13' title="bbox 163 2189 2201 2269; baseline 0.001 -20"><span class='ocrx_word' id='word_1_72' title='bbox 163 2191 323 2249; x_wconf 82' lang='lat' dir='ltr'><strong>nardi</strong></span> <span class='ocrx_word' id='word_1_73' title='bbox 345 2190 574 2269; x_wconf 75' lang='lat' dir='ltr'><strong>Aratini</strong></span> <span class='ocrx_word' id='word_1_74' title='bbox 605 2189 860 2262; x_wconf 84' lang='lat' dir='ltr'><strong>librum,</strong></span> <span class='ocrx_word' id='word_1_75' title='bbox 891 2191 966 2249; x_wconf 86' lang='lat' dir='ltr'><strong>ad</strong></span> <span class='ocrx_word' id='word_1_76' title='bbox 997 2193 1279 2250; x_wconf 87' lang='lat' dir='ltr'><strong>Cosmum</strong></span> <span class='ocrx_word' id='word_1_77' title='bbox 1309 2191 1604 2251; x_wconf 84' lang='lat' dir='ltr'><strong>Medicem</strong></span> <span class='ocrx_word' id='word_1_78' title='bbox 1625 2236 1644 2264; x_wconf 92' lang='lat'>‚</span> <span class='ocrx_word' id='word_1_79' title='bbox 1672 2205 1732 2250; x_wconf 86' lang='lat' dir='ltr'><strong>et</strong></span> <span class='ocrx_word' id='word_1_80' title='bbox 1772 2191 1971 2250; x_wconf 84' lang='lat' dir='ltr'><strong>satiras</strong></span> <span class='ocrx_word' id='word_1_81' title='bbox 2002 2195 2201 2252; x_wconf 86' lang='lat' dir='ltr'><strong>Persii.</strong></span> 
     </span>
     <span class='ocr_line' id='line_1_14' title="bbox 161 2287 2201 2370; baseline 0.001 -23"><span class='ocrx_word' id='word_1_82' title='bbox 161 2289 310 2348; x_wconf 84' lang='lat' dir='ltr'><strong>Finis</strong></span> <span class='ocrx_word' id='word_1_83' title='bbox 329 2309 472 2349; x_wconf 83' lang='lat' dir='ltr'><strong>vero</strong></span> <span class='ocrx_word' id='word_1_84' title='bbox 501 2301 678 2348; x_wconf 83' lang='lat' dir='ltr'><strong>sextae</strong></span> <span class='ocrx_word' id='word_1_85' title='bbox 705 2309 737 2347; x_wconf 83' lang='lat' dir='ltr'><strong>a</strong></span> <span class='ocrx_word' id='word_1_86' title='bbox 765 2308 938 2348; x_wconf 84' lang='lat' dir='ltr'><strong>versu</strong></span> <span class='ocrx_word' id='word_1_87' title='bbox 968 2309 1040 2365; x_wconf 80' lang='lat'><strong>27</strong></span> <span class='ocrx_word' id='word_1_88' title='bbox 1076 2290 1457 2349; x_wconf 85' lang='lat' dir='ltr'><strong>desideratur.</strong></span> <span class='ocrx_word' id='word_1_89' title='bbox 1481 2287 1679 2349; x_wconf 69' lang='lat' dir='ltr'><strong>Nitida</strong></span> <span class='ocrx_word' id='word_1_90' title='bbox 1711 2289 1992 2370; x_wconf 83' lang='lat' dir='ltr'><strong>scriptus,</strong></span> <span class='ocrx_word' id='word_1_91' title='bbox 2018 2303 2076 2350; x_wconf 90' lang='lat' dir='ltr'><strong>et</strong></span> <span class='ocrx_word' id='word_1_92' title='bbox 2098 2313 2201 2350; x_wconf 86' lang='lat' dir='ltr'><strong>ac·-</strong></span> 
     </span>
     <span class='ocr_line' id='line_1_15' title="bbox 161 2387 2203 2468; baseline 0.001 -24"><span class='ocrx_word' id='word_1_93' title='bbox 161 2401 355 2445; x_wconf 83' lang='lat' dir='ltr'><strong>curate</strong></span> <span class='ocrx_word' id='word_1_94' title='bbox 387 2387 656 2457; x_wconf 84' lang='lat' dir='ltr'><strong>habitus,</strong></span> <span class='ocrx_word' id='word_1_95' title='bbox 685 2388 922 2445; x_wconf 77' lang='lat' dir='ltr'><strong>doctam</strong></span> <span class='ocrx_word' id='word_1_96' title='bbox 947 2408 1192 2447; x_wconf 81' lang='lat' dir='ltr'><strong>manum</strong></span> <span class='ocrx_word' id='word_1_97' title='bbox 1218 2389 1448 2468; x_wconf 88' lang='lat' dir='ltr'><strong>prodit,</strong></span> <span class='ocrx_word' id='word_1_98' title='bbox 1478 2400 1538 2446; x_wconf 84' lang='lat' dir='ltr'><strong>et</strong></span> <span class='ocrx_word' id='word_1_99' title='bbox 1565 2389 1628 2445; x_wconf 91' lang='lat' dir='ltr'><strong>in</strong></span> <span class='ocrx_word' id='word_1_100' title='bbox 1656 2409 1728 2447; x_wconf 87' lang='lat' dir='ltr'><strong>eo</strong></span> <span class='ocrx_word' id='word_1_101' title='bbox 1754 2408 2062 2468; x_wconf 83' lang='lat' dir='ltr'><strong>perpaucae</strong></span> <span class='ocrx_word' id='word_1_102' title='bbox 2088 2390 2203 2447; x_wconf 86' lang='lat' dir='ltr'><strong>de·-</strong></span> 
     </span>
     <span class='ocr_line' id='line_1_16' title="bbox 165 2484 2079 2565; baseline -0.001 -22"><span class='ocrx_word' id='word_1_103' title='bbox 165 2485 614 2563; x_wconf 83' lang='lat' dir='ltr'><strong>prehenduntur</strong></span> <span class='ocrx_word' id='word_1_104' title='bbox 633 2485 882 2543; x_wconf 82' lang='lat' dir='ltr'><strong>mendae.</strong></span> <span class='ocrx_word' id='word_1_105' title='bbox 909 2485 1007 2543; x_wconf 77' lang='lat' dir='ltr'><strong>Ad</strong></span> <span class='ocrx_word' id='word_1_106' title='bbox 1033 2484 1252 2545; x_wconf 86' lang='lat' dir='ltr'><strong>calcem</strong></span> <span class='ocrx_word' id='word_1_107' title='bbox 1279 2487 1475 2565; x_wconf 86' lang='lat' dir='ltr'><strong>operis</strong></span> <span class='ocrx_word' id='word_1_108' title='bbox 1496 2486 1722 2543; x_wconf 77' lang='lat' dir='ltr'><strong>Aratini</strong></span> <span class='ocrx_word' id='word_1_109' title='bbox 1750 2484 1875 2543; x_wconf 82' lang='lat' dir='ltr'><strong>haec</strong></span> <span class='ocrx_word' id='word_1_110' title='bbox 1904 2498 2042 2544; x_wconf 86' lang='lat' dir='ltr'><strong>sunt</strong></span> <span class='ocrx_word' id='word_1_111' title='bbox 2065 2507 2079 2541; x_wconf 77' lang='grc' dir='ltr'><strong>ε</strong></span> 
     </span>
    </p>
   </div>
   <div class='ocr_carea' id='block_1_7' title="bbox 166 2610 2212 3051">
    <p class='ocr_par' dir='ltr' id='par_1_9' title="bbox 166 2610 2212 2971">
     <span class='ocr_line' id='line_1_17' title="bbox 237 2610 2212 2686; baseline 0 -19"><span class='ocrx_word' id='word_1_112' title='bbox 237 2612 504 2686; x_wconf 76' lang='lat' dir='ltr'><em>Explicit</em></span> <span class='ocrx_word' id='word_1_113' title='bbox 544 2610 695 2667; x_wconf 87' lang='lat' dir='ltr'><strong>liber</strong></span> <span class='ocrx_word' id='word_1_114' title='bbox 727 2612 1034 2667; x_wconf 79' lang='lat' dir='ltr'><strong>Leonardi</strong></span> <span class='ocrx_word' id='word_1_115' title='bbox 1062 2612 1302 2667; x_wconf 81' lang='lat' dir='ltr'><strong>Aratini</strong></span> <span class='ocrx_word' id='word_1_116' title='bbox 1315 2654 1335 2681; x_wconf 93' lang='lat'><strong><em>,</em></strong></span> <span class='ocrx_word' id='word_1_117' title='bbox 1361 2631 1483 2686; x_wconf 84' lang='lat' dir='ltr'><strong>per</strong></span> <span class='ocrx_word' id='word_1_118' title='bbox 1524 2630 1618 2667; x_wconf 84' lang='lat' dir='ltr'><strong>me</strong></span> <span class='ocrx_word' id='word_1_119' title='bbox 1652 2612 2007 2667; x_wconf 77' lang='lat' dir='ltr'><strong>Ludovicum</strong></span> <span class='ocrx_word' id='word_1_120' title='bbox 2042 2612 2212 2667; x_wconf 69' lang='lat' dir='ltr'><strong>Gnaei</strong></span> 
     </span>
     <span class='ocr_line' id='line_1_18' title="bbox 169 2706 2208 2784; baseline 0 -21"><span class='ocrx_word' id='word_1_121' title='bbox 169 2707 295 2783; x_wconf 87' lang='lat' dir='ltr'><strong>(vel</strong></span> <span class='ocrx_word' id='word_1_122' title='bbox 323 2706 502 2782; x_wconf 82' lang='lat' dir='ltr'><strong>Gati)</strong></span> <span class='ocrx_word' id='word_1_123' title='bbox 535 2708 612 2761; x_wconf 86' lang='lat' dir='ltr'><strong>de</strong></span> <span class='ocrx_word' id='word_1_124' title='bbox 637 2710 904 2781; x_wconf 70' lang='lat' dir='ltr'><strong>Bugella.</strong></span> <span class='ocrx_word' id='word_1_125' title='bbox 935 2707 1040 2763; x_wconf 83' lang='lat' dir='ltr'><strong>sub</strong></span> <span class='ocrx_word' id='word_1_126' title='bbox 1080 2726 1240 2764; x_wconf 85' lang='lat' dir='ltr'><strong>anno</strong></span> <span class='ocrx_word' id='word_1_127' title='bbox 1281 2711 1456 2766; x_wconf 89' lang='lat' dir='ltr'><strong>Dom.</strong></span> <span class='ocrx_word' id='word_1_128' title='bbox 1492 2708 1823 2764; x_wconf 79' lang='lat' dir='ltr'><strong>millessimo</strong></span> <span class='ocrx_word' id='word_1_129' title='bbox 1856 2720 2208 2784; x_wconf 80' lang='lat' dir='ltr'><strong>qualracen-</strong></span> 
     </span>
     <span class='ocr_line' id='line_1_19' title="bbox 167 2805 2205 2880; baseline 0 -21"><span class='ocrx_word' id='word_1_130' title='bbox 167 2807 387 2861; x_wconf 83' lang='lat' dir='ltr'><strong>tessimo</strong></span> <span class='ocrx_word' id='word_1_131' title='bbox 434 2805 944 2880; x_wconf 77' lang='lat' dir='ltr'><strong>quinquagessimo</strong></span> <span class='ocrx_word' id='word_1_132' title='bbox 990 2808 1170 2863; x_wconf 76' lang='lat' dir='ltr'><strong>tertia.</strong></span> <span class='ocrx_word' id='word_1_133' title='bbox 1225 2806 1505 2861; x_wconf 79' lang='lat' dir='ltr'><strong>inditione</strong></span> <span class='ocrx_word' id='word_1_134' title='bbox 1538 2805 1762 2880; x_wconf 79' lang='lat' dir='ltr'><strong>pn‘md.</strong></span> <span class='ocrx_word' id='word_1_135' title='bbox 1812 2818 1870 2860; x_wconf 80' lang='lat' dir='ltr'><strong>et</strong></span> <span class='ocrx_word' id='word_1_136' title='bbox 1920 2806 2017 2863; x_wconf 87' lang='lat' dir='ltr'><strong>die</strong></span> <span class='ocrx_word' id='word_1_137' title='bbox 2064 2822 2205 2861; x_wconf 81' lang='lat' dir='ltr'><strong>vero</strong></span> 
     </span>
     <span class='ocr_line' id='line_1_20' title="bbox 166 2901 500 2971; baseline 0.012 -18"><span class='ocrx_word' id='word_1_138' title='bbox 166 2902 328 2971; x_wconf 61' lang='lat' dir='ltr'><strong>,za-vij</strong></span> <span class='ocrx_word' id='word_1_139' title='bbox 353 2901 500 2957; x_wconf 78' lang='lat' dir='ltr'><strong>iulii.</strong></span> 
     </span>
    </p>

    <p class='ocr_par' dir='ltr' id='par_1_10' title="bbox 1043 2983 1308 3051">
     <span class='ocr_line' id='line_1_21' title="bbox 1043 2983 1308 3051; baseline -0.008 0"><span class='ocrx_word' id='word_1_140' title='bbox 1043 2983 1308 3051; x_wconf 87' lang='lat' dir='ltr'><strong>Amen.</strong></span> 
     </span>
    </p>
   </div>
   <div class='ocr_carea' id='block_1_8' title="bbox 837 3164 1535 3231">
    <p class='ocr_par' dir='ltr' id='par_1_11' title="bbox 837 3164 1535 3231">
     <span class='ocr_line' id='line_1_22' title="bbox 837 3164 1535 3231; baseline -0.001 -1"><span class='ocrx_word' id='word_1_141' title='bbox 837 3166 989 3231; x_wconf 80' lang='lat' dir='ltr'><strong>XX.</strong></span> <span class='ocrx_word' id='word_1_142' title='bbox 1048 3164 1272 3230; x_wconf 74' lang='lat' dir='ltr'><strong>Codex</strong></span> <span class='ocrx_word' id='word_1_143' title='bbox 1306 3180 1535 3229; x_wconf 83' lang='lat' dir='ltr'><strong>noster.</strong></span> 
     </span>
    </p>
   </div>
   <div class='ocr_carea' id='block_1_9' title="bbox 169 3342 2252 4105">
    <p class='ocr_par' dir='ltr' id='par_1_12' title="bbox 169 3342 2252 4105">
     <span class='ocr_line' id='line_1_23' title="bbox 242 3342 2252 3416; baseline 0 -13"><span class='ocrx_word' id='word_1_144' title='bbox 242 3345 731 3403; x_wconf 83' lang='lat' dir='ltr'><strong>Membranaceus</strong></span> <span class='ocrx_word' id='word_1_145' title='bbox 760 3344 821 3402; x_wconf 91' lang='lat' dir='ltr'><strong>in</strong></span> <span class='ocrx_word' id='word_1_146' title='bbox 853 3346 911 3413; x_wconf 76' lang='lat'><strong>4⁶</strong></span> <span class='ocrx_word' id='word_1_147' title='bbox 943 3344 1192 3416; x_wconf 86' lang='lat' dir='ltr'><strong>minori,</strong></span> <span class='ocrx_word' id='word_1_148' title='bbox 1225 3357 1498 3403; x_wconf 83' lang='lat' dir='ltr'><strong>constans</strong></span> <span class='ocrx_word' id='word_1_149' title='bbox 1524 3344 1603 3401; x_wconf 88' lang='lat'><strong>80</strong></span> <span class='ocrx_word' id='word_1_150' title='bbox 1632 3342 1789 3401; x_wconf 88' lang='lat' dir='ltr'><strong>foliis</strong></span> <span class='ocrx_word' id='word_1_151' title='bbox 1810 3387 1827 3415; x_wconf 92' lang='lat'>‚</span> <span class='ocrx_word' id='word_1_152' title='bbox 1863 3342 2081 3403; x_wconf 75' lang='lat' dir='ltr'><strong>saeculo</strong></span> <span class='ocrx_word' id='word_1_153' title='bbox 2103 3346 2214 3405; x_wconf 83' lang='lat' dir='ltr'><strong>XV</strong></span> <span class='ocrx_word' id='word_1_154' title='bbox 2240 3406 2252 3413; x_wconf 60' lang='grc'>,</span> 
     </span>
     <span class='ocr_line' id='line_1_24' title="bbox 169 3439 2207 3512; baseline -0.001 -14"><span class='ocrx_word' id='word_1_155' title='bbox 169 3442 402 3500; x_wconf 88' lang='lat' dir='ltr'><strong>ineunte</strong></span> <span class='ocrx_word' id='word_1_156' title='bbox 430 3485 446 3512; x_wconf 94' lang='lat'>‚</span> <span class='ocrx_word' id='word_1_157' title='bbox 488 3442 552 3498; x_wconf 92' lang='lat' dir='ltr'><strong>in</strong></span> <span class='ocrx_word' id='word_1_158' title='bbox 592 3441 760 3498; x_wconf 89' lang='lat' dir='ltr'><strong>Italia</strong></span> <span class='ocrx_word' id='word_1_159' title='bbox 800 3452 1067 3499; x_wconf 81' lang='lat' dir='ltr'><strong>exaratus</strong></span> <span class='ocrx_word' id='word_1_160' title='bbox 1089 3485 1106 3512; x_wconf 91' lang='lat'>‚</span> <span class='ocrx_word' id='word_1_161' title='bbox 1149 3441 1479 3499; x_wconf 84' lang='lat' dir='ltr'><strong>charactere</strong></span> <span class='ocrx_word' id='word_1_162' title='bbox 1524 3442 1794 3497; x_wconf 86' lang='lat' dir='ltr'><strong>Romano</strong></span> <span class='ocrx_word' id='word_1_163' title='bbox 1836 3439 2172 3498; x_wconf 91' lang='lat' dir='ltr'><strong>minusculo</strong></span> <span class='ocrx_word' id='word_1_164' title='bbox 2190 3483 2207 3510; x_wconf 93' lang='lat'>,</span> 
     </span>
     <span class='ocr_line' id='line_1_25' title="bbox 170 3536 2213 3616; baseline -0.001 -21"><span class='ocrx_word' id='word_1_165' title='bbox 170 3538 365 3597; x_wconf 83' lang='lat' dir='ltr'><strong>leviter</strong></span> <span class='ocrx_word' id='word_1_166' title='bbox 387 3552 450 3596; x_wconf 89' lang='lat' dir='ltr'><strong>et</strong></span> <span class='ocrx_word' id='word_1_167' title='bbox 471 3539 628 3596; x_wconf 86' lang='lat' dir='ltr'><strong>bene</strong></span> <span class='ocrx_word' id='word_1_168' title='bbox 649 3538 901 3616; x_wconf 87' lang='lat' dir='ltr'><strong>scriptus</strong></span> <span class='ocrx_word' id='word_1_169' title='bbox 925 3558 1064 3596; x_wconf 87' lang='lat' dir='ltr'><strong>cum</strong></span> <span class='ocrx_word' id='word_1_170' title='bbox 1087 3536 1413 3596; x_wconf 83' lang='lat' dir='ltr'><strong>initialibus</strong></span> <span class='ocrx_word' id='word_1_171' title='bbox 1436 3556 1580 3594; x_wconf 88' lang='lat' dir='ltr'><strong>auro</strong></span> <span class='ocrx_word' id='word_1_172' title='bbox 1596 3538 1887 3616; x_wconf 80' lang='lat' dir='ltr'><strong>variisque</strong></span> <span class='ocrx_word' id='word_1_173' title='bbox 1911 3536 2213 3596; x_wconf 85' lang='lat' dir='ltr'><strong>coloribus</strong></span> 
     </span>
     <span class='ocr_line' id='line_1_26' title="bbox 170 3633 2211 3714; baseline -0.001 -21"><span class='ocrx_word' id='word_1_174' title='bbox 170 3636 429 3714; x_wconf 84' lang='lat' dir='ltr'><strong>depictis.</strong></span> <span class='ocrx_word' id='word_1_175' title='bbox 457 3636 548 3693; x_wconf 84' lang='lat' dir='ltr'><strong>Ex</strong></span> <span class='ocrx_word' id='word_1_176' title='bbox 573 3636 734 3694; x_wconf 90' lang='lat' dir='ltr'><strong>bono</strong></span> <span class='ocrx_word' id='word_1_177' title='bbox 760 3635 995 3694; x_wconf 86' lang='lat' dir='ltr'><strong>videtur</strong></span> <span class='ocrx_word' id='word_1_178' title='bbox 1019 3636 1234 3693; x_wconf 88' lang='lat' dir='ltr'><strong>ductus</strong></span> <span class='ocrx_word' id='word_1_179' title='bbox 1261 3635 1554 3712; x_wconf 74' lang='lat' dir='ltr'><strong>exemplo,</strong></span> <span class='ocrx_word' id='word_1_180' title='bbox 1587 3634 1840 3693; x_wconf 84' lang='lat' dir='ltr'><strong>Exhibet</strong></span> <span class='ocrx_word' id='word_1_181' title='bbox 1863 3633 2211 3692; x_wconf 75' lang='lat' dir='ltr'><strong>,Iuvenalem</strong></span> 
     </span>
     <span class='ocr_line' id='line_1_27' title="bbox 171 3730 2212 3811; baseline -0 -21"><span class='ocrx_word' id='word_1_182' title='bbox 171 3745 223 3790; x_wconf 87' lang='lat' dir='ltr'><strong>et</strong></span> <span class='ocrx_word' id='word_1_183' title='bbox 247 3734 515 3791; x_wconf 86' lang='lat' dir='ltr'><strong>Persium</strong></span> <span class='ocrx_word' id='word_1_184' title='bbox 547 3732 804 3811; x_wconf 80' lang='lat' dir='ltr'><strong>integros</strong></span> <span class='ocrx_word' id='word_1_185' title='bbox 837 3733 960 3790; x_wconf 88' lang='lat' dir='ltr'><strong>sine</strong></span> <span class='ocrx_word' id='word_1_186' title='bbox 993 3733 1165 3789; x_wconf 77' lang='lat' dir='ltr'><strong>notis·</strong></span> <span class='ocrx_word' id='word_1_187' title='bbox 1196 3734 1349 3789; x_wconf 88' lang='lat' dir='ltr'><strong>Eum</strong></span> <span class='ocrx_word' id='word_1_188' title='bbox 1376 3752 1517 3789; x_wconf 89' lang='lat' dir='ltr'><strong>cum</strong></span> <span class='ocrx_word' id='word_1_189' title='bbox 1552 3742 1718 3789; x_wconf 85' lang='lat' dir='ltr'><strong>textu</strong></span> <span class='ocrx_word' id='word_1_190' title='bbox 1742 3742 1943 3789; x_wconf 86' lang='lat' dir='ltr'><strong>nostro</strong></span> <span class='ocrx_word' id='word_1_191' title='bbox 1969 3750 2003 3787; x_wconf 86' lang='lat' dir='ltr'><strong>a</strong></span> <span class='ocrx_word' id='word_1_192' title='bbox 2030 3730 2212 3789; x_wconf 88' lang='lat' dir='ltr'><strong>verbo</strong></span> 
     </span>
     <span class='ocr_line' id='line_1_28' title="bbox 169 3825 2219 3909; baseline -0.001 -22"><span class='ocrx_word' id='word_1_193' title='bbox 169 3830 236 3887; x_wconf 85' lang='lat' dir='ltr'><strong>ad</strong></span> <span class='ocrx_word' id='word_1_194' title='bbox 260 3831 515 3889; x_wconf 81' lang='lat' dir='ltr'><strong>verbum</strong></span> <span class='ocrx_word' id='word_1_195' title='bbox 551 3830 915 3888; x_wconf 87' lang='lat' dir='ltr'><strong>contulimus</strong></span> <span class='ocrx_word' id='word_1_196' title='bbox 932 3873 949 3901; x_wconf 93' lang='lat'>‚</span> <span class='ocrx_word' id='word_1_197' title='bbox 975 3830 1220 3907; x_wconf 85' lang='lat' dir='ltr'><strong>ejusque</strong></span> <span class='ocrx_word' id='word_1_198' title='bbox 1257 3829 1443 3885; x_wconf 80' lang='lat' dir='ltr'><strong>varias</strong></span> <span class='ocrx_word' id='word_1_199' title='bbox 1480 3829 1765 3886; x_wconf 86' lang='lat' dir='ltr'><strong>lectiones</strong></span> <span class='ocrx_word' id='word_1_200' title='bbox 1803 3825 2011 3885; x_wconf 89' lang='lat' dir='ltr'><strong>sedulo</strong></span> <span class='ocrx_word' id='word_1_201' title='bbox 2046 3840 2219 3909; x_wconf 52' lang='lat' dir='ltr'><strong>nota-x</strong></span> 
     </span>
     <span class='ocr_line' id='line_1_29' title="bbox 171 3923 2213 4003; baseline 0 -20"><span class='ocrx_word' id='word_1_202' title='bbox 171 3929 372 3987; x_wconf 76' lang='lat' dir='ltr'><strong>vimus·</strong></span> <span class='ocrx_word' id='word_1_203' title='bbox 404 3932 545 3987; x_wconf 87' lang='lat' dir='ltr'><strong>Non</strong></span> <span class='ocrx_word' id='word_1_204' title='bbox 585 3926 782 3985; x_wconf 87' lang='lat' dir='ltr'><strong>adhuc</strong></span> <span class='ocrx_word' id='word_1_205' title='bbox 823 3928 886 3985; x_wconf 92' lang='lat' dir='ltr'><strong>in</strong></span> <span class='ocrx_word' id='word_1_206' title='bbox 920 3930 1116 3985; x_wconf 80' lang='lat' dir='ltr'><strong>nostra</strong></span> <span class='ocrx_word' id='word_1_207' title='bbox 1147 3938 1270 3984; x_wconf 82' lang='lat' dir='ltr'><strong>erat</strong></span> <span class='ocrx_word' id='word_1_208' title='bbox 1303 3938 1593 4003; x_wconf 79' lang='lat' dir='ltr'><strong>potestate</strong></span> <span class='ocrx_word' id='word_1_209' title='bbox 1627 3923 1767 3983; x_wconf 74' lang='lat' dir='ltr'><strong>ciim</strong></span> <span class='ocrx_word' id='word_1_210' title='bbox 1792 3924 2087 3983; x_wconf 71' lang='lat' dir='ltr'><strong>‚Iuvenalis</strong></span> <span class='ocrx_word' id='word_1_211' title='bbox 2121 3945 2213 3984; x_wconf 89' lang='lat' dir='ltr'><strong>sa-</strong></span> 
     </span>
     <span class='ocr_line' id='line_1_30' title="bbox 171 4023 2225 4105; baseline -0.001 -19"><span class='ocrx_word' id='word_1_212' title='bbox 171 4026 296 4086; x_wconf 85' lang='lat' dir='ltr'><strong>tiras</strong></span> <span class='ocrx_word' id='word_1_213' title='bbox 331 4029 398 4087; x_wconf 87' lang='lat' dir='ltr'><strong>in</strong></span> <span class='ocrx_word' id='word_1_214' title='bbox 433 4026 635 4085; x_wconf 87' lang='lat' dir='ltr'><strong>lucem</strong></span> <span class='ocrx_word' id='word_1_215' title='bbox 683 4026 986 4085; x_wconf 85' lang='lat' dir='ltr'><strong>emisimus</strong></span> <span class='ocrx_word' id='word_1_216' title='bbox 1003 4046 1020 4099; x_wconf 87' lang='lat'>;</span> <span class='ocrx_word' id='word_1_217' title='bbox 1053 4036 1443 4105; x_wconf 81' lang='lat' dir='ltr'><strong>quapropter,</strong></span> <span class='ocrx_word' id='word_1_218' title='bbox 1480 4042 1551 4083; x_wconf 85' lang='lat' dir='ltr'><strong>eo</strong></span> <span class='ocrx_word' id='word_1_219' title='bbox 1597 4023 1671 4082; x_wconf 83' lang='lat' dir='ltr'><strong>ad</strong></span> <span class='ocrx_word' id='word_1_220' title='bbox 1712 4024 1975 4084; x_wconf 88' lang='lat' dir='ltr'><strong>Persium</strong></span> <span class='ocrx_word' id='word_1_221' title='bbox 2015 4024 2225 4095; x_wconf 73' lang='lat' dir='ltr'><strong>solum,</strong></span> 
     </span>
    </p>
   </div>
  </div>
 </body>
</html>
