<?xml version="1.0" encoding="UTF-8"?>
<!DOCTYPE html PUBLIC "-//W3C//DTD XHTML 1.0 Transitional//EN"
    "http://www.w3.org/TR/xhtml1/DTD/xhtml1-transitional.dtd">
<html xmlns="http://www.w3.org/1999/xhtml" xml:lang="en" lang="en">
 <head>
  <title>
</title>
<meta http-equiv="Content-Type" content="text/html;charset=utf-8" />
  <meta name='ocr-system' content='tesseract 3.04.00' />
  <meta name='ocr-capabilities' content='ocr_page ocr_carea ocr_par ocr_line ocrx_word'/>
</head>
<body>
  <div class='ocr_page' id='page_1' title='image "aulipersiiflacc00achagoog_0249.png"; bbox 0 0 2775 4619; ppageno 0'>
   <div class='ocr_carea' id='block_1_1' title="bbox 214 361 278 399">
    <p class='ocr_par' dir='ltr' id='par_1_1' title="bbox 214 361 278 399">
     <span class='ocr_line' id='line_1_1' title="bbox 214 361 278 385; baseline 0 0"><span class='ocrx_word' id='word_1_1' title='bbox 214 361 278 385; x_wconf 95' lang='lat' dir='ltr'>  </span> 
     </span>
     <span class='ocr_line' id='line_1_2' title="bbox 214 385 278 399; baseline 0 4220"><span class='ocrx_word' id='word_1_2' title='bbox 214 385 278 399; x_wconf 95' lang='lat' dir='ltr'> </span> 
     </span>
    </p>
   </div>
   <div class='ocr_carea' id='block_1_2' title="bbox 278 470 2218 639">
    <p class='ocr_par' dir='ltr' id='par_1_2' title="bbox 278 470 2218 639">
     <span class='ocr_line' id='line_1_3' title="bbox 278 470 2218 639; baseline 0.001 -52"><span class='ocrx_word' id='word_1_3' title='bbox 278 470 909 589; x_wconf 75' lang='lat' dir='ltr'><strong>SULPICJAE</strong></span> <span class='ocrx_word' id='word_1_4' title='bbox 960 491 1620 639; x_wconf 69' lang='lat' dir='ltr'><strong>SATIRICON</strong></span> <span class='ocrx_word' id='word_1_5' title='bbox 1677 496 2218 617; x_wconf 78' lang='lat' dir='ltr'>CARMEN‚</span> 
     </span>
    </p>
   </div>
   <div class='ocr_carea' id='block_1_3' title="bbox 2218 361 2260 399">
    <p class='ocr_par' dir='ltr' id='par_1_3' title="bbox 2218 361 2260 399">
     <span class='ocr_line' id='line_1_4' title="bbox 2218 361 2260 399; baseline 0 4220"><span class='ocrx_word' id='word_1_6' title='bbox 2218 361 2260 399; x_wconf 95' lang='lat' dir='ltr'> </span> 
     </span>
    </p>
   </div>
   <div class='ocr_carea' id='block_1_4' title="bbox 426 674 2078 773">
    <p class='ocr_par' dir='ltr' id='par_1_4' title="bbox 426 674 2078 773">
     <span class='ocr_line' id='line_1_5' title="bbox 426 674 2078 773; baseline 0.001 -2"><span class='ocrx_word' id='word_1_7' title='bbox 426 704 622 771; x_wconf 77' lang='lat' dir='ltr'>slvE</span> <span class='ocrx_word' id='word_1_8' title='bbox 667 702 1014 769; x_wconf 80' lang='lat' dir='ltr'><strong>ECLOGA</strong></span> <span class='ocrx_word' id='word_1_9' title='bbox 1052 692 1169 767; x_wconf 84' lang='lat' dir='ltr'>DE</span> <span class='ocrx_word' id='word_1_10' title='bbox 1216 702 1542 769; x_wconf 79' lang='lat' dir='ltr'>EDICTO</span> <span class='ocrx_word' id='word_1_11' title='bbox 1573 674 2078 773; x_wconf 78' lang='lat' dir='ltr'>&#39;noM1T1AM</span> 
     </span>
    </p>
   </div>
   <div class='ocr_carea' id='block_1_5' title="bbox 480 877 2024 953">
    <p class='ocr_par' dir='ltr' id='par_1_5' title="bbox 480 877 2024 953">
     <span class='ocr_line' id='line_1_6' title="bbox 480 877 2024 953; baseline 0 -20"><span class='ocrx_word' id='word_1_12' title='bbox 480 880 665 946; x_wconf 92' lang='lat' dir='ltr'>QUO</span> <span class='ocrx_word' id='word_1_13' title='bbox 703 877 1338 933; x_wconf 87' lang='lat' dir='ltr'><strong>PHILOSOPHOS</strong></span> <span class='ocrx_word' id='word_1_14' title='bbox 1384 878 1621 933; x_wconf 84' lang='lat' dir='ltr'><strong>URBE</strong></span> <span class='ocrx_word' id='word_1_15' title='bbox 1662 880 2024 953; x_wconf 74' lang='lat' dir='ltr'><strong>EXEGH&#39;.</strong></span> 
     </span>
    </p>
   </div>
   <div class='ocr_carea' id='block_1_6' title="bbox 1012 1072 1394 1093">
    <p class='ocr_par' dir='ltr' id='par_1_6' title="bbox 1012 1072 1394 1093">
     <span class='ocr_line' id='line_1_7' title="bbox 1012 1072 1394 1093; baseline 0 3526"><span class='ocrx_word' id='word_1_16' title='bbox 1012 1072 1394 1093; x_wconf 95' lang='lat' dir='ltr'> </span> 
     </span>
    </p>
   </div>
   <div class='ocr_carea' id='block_1_7' title="bbox 1395 1072 1488 1093">
    <p class='ocr_par' dir='ltr' id='par_1_7' title="bbox 1395 1072 1488 1093">
     <span class='ocr_line' id='line_1_8' title="bbox 1395 1072 1488 1093; baseline 0 0"><span class='ocrx_word' id='word_1_17' title='bbox 1395 1072 1488 1093; x_wconf 65' lang='lat' dir='ltr'>m</span> 
     </span>
    </p>
   </div>
   <div class='ocr_carea' id='block_1_8' title="bbox 212 1204 2268 1461">
    <p class='ocr_par' dir='ltr' id='par_1_8' title="bbox 212 1204 2268 1461">
     <span class='ocr_line' id='line_1_9' title="bbox 329 1204 2268 1347; baseline 0.001 -24"><span class='ocrx_word' id='word_1_18' title='bbox 329 1204 619 1323; x_wconf 59' lang='lat' dir='ltr'>Masi</span> <span class='ocrx_word' id='word_1_19' title='bbox 636 1302 656 1337; x_wconf 90' lang='lat'>‚</span> <span class='ocrx_word' id='word_1_20' title='bbox 694 1254 937 1343; x_wconf 86' lang='lat' dir='ltr'>quibus</span> <span class='ocrx_word' id='word_1_21' title='bbox 972 1255 1263 1321; x_wconf 88' lang='lat' dir='ltr'>numeris</span> <span class='ocrx_word' id='word_1_22' title='bbox 1300 1254 1528 1321; x_wconf 88' lang='lat' dir='ltr'>heroas</span> <span class='ocrx_word' id='word_1_23' title='bbox 1563 1269 1630 1321; x_wconf 92' lang='lat' dir='ltr'>et</span> <span class='ocrx_word' id='word_1_24' title='bbox 1662 1278 1838 1321; x_wconf 89' lang='lat' dir='ltr'>arma</span> <span class='ocrx_word' id='word_1_25' title='bbox 1861 1256 2268 1347; x_wconf 78' lang='lat' dir='ltr'>frequentas,</span> 
     </span>
     <span class='ocr_line' id='line_1_10' title="bbox 212 1369 1810 1461; baseline 0.003 -28"><span class='ocrx_word' id='word_1_26' title='bbox 212 1394 217 1397; x_wconf 90' lang='lat'>·</span> <span class='ocrx_word' id='word_1_27' title='bbox 323 1369 657 1435; x_wconf 83' lang='lat' dir='ltr'><strong>Fabellam</strong></span> <span class='ocrx_word' id='word_1_28' title='bbox 691 1370 995 1459; x_wconf 83' lang='lat' dir='ltr'><strong>permitte</strong></span> <span class='ocrx_word' id='word_1_29' title='bbox 1033 1369 1198 1434; x_wconf 89' lang='lat' dir='ltr'>mihi</span> <span class='ocrx_word' id='word_1_30' title='bbox 1236 1369 1535 1437; x_wconf 84' lang='lat' dir='ltr'>detexere</span> <span class='ocrx_word' id='word_1_31' title='bbox 1569 1373 1810 1461; x_wconf 77' lang='lat' dir='ltr'>paucis·</span> 
     </span>
    </p>
   </div>
   <div class='ocr_carea' id='block_1_9' title="bbox 323 1477 1944 1577">
    <p class='ocr_par' dir='ltr' id='par_1_9' title="bbox 323 1477 1944 1577">
     <span class='ocr_line' id='line_1_11' title="bbox 323 1477 1944 1577; baseline 0.002 -26"><span class='ocrx_word' id='word_1_32' title='bbox 323 1486 495 1551; x_wconf 84' lang='lat' dir='ltr'>Nam</span> <span class='ocrx_word' id='word_1_33' title='bbox 527 1486 652 1550; x_wconf 91' lang='lat' dir='ltr'>tibi</span> <span class='ocrx_word' id='word_1_34' title='bbox 686 1487 957 1569; x_wconf 79' lang='lat' dir='ltr'>secessi,</span> <span class='ocrx_word' id='word_1_35' title='bbox 985 1502 1201 1552; x_wconf 89' lang='lat' dir='ltr'>tecum</span> <span class='ocrx_word' id='word_1_36' title='bbox 1236 1477 1569 1577; x_wconf 80' lang='lat' dir='ltr'>penetrale</span> <span class='ocrx_word' id='word_1_37' title='bbox 1596 1505 1944 1555; x_wconf 89' lang='lat' dir='ltr'>retractans</span> 
     </span>
    </p>
   </div>
   <div class='ocr_carea' id='block_1_10' title="bbox 320 1602 2274 1896">
    <p class='ocr_par' dir='ltr' id='par_1_10' title="bbox 320 1602 2274 1896">
     <span class='ocr_line' id='line_1_12' title="bbox 322 1602 2106 1691; baseline 0.003 -24"><span class='ocrx_word' id='word_1_38' title='bbox 322 1602 723 1668; x_wconf 87' lang='lat' dir='ltr'>Consilium:</span> <span class='ocrx_word' id='word_1_39' title='bbox 756 1625 957 1691; x_wconf 86' lang='lat' dir='ltr'>quare</span> <span class='ocrx_word' id='word_1_40' title='bbox 976 1652 996 1683; x_wconf 88' lang='lat'>‚</span> <span class='ocrx_word' id='word_1_41' title='bbox 1035 1625 1157 1667; x_wconf 89' lang='lat' dir='ltr'>nec</span> <span class='ocrx_word' id='word_1_42' title='bbox 1193 1605 1481 1669; x_wconf 88' lang='lat' dir='ltr'>carmine</span> <span class='ocrx_word' id='word_1_43' title='bbox 1515 1628 1712 1669; x_wconf 91' lang='lat' dir='ltr'>curro</span> <span class='ocrx_word' id='word_1_44' title='bbox 1740 1605 2106 1688; x_wconf 88' lang='lat' dir='ltr'>Phaleuc0‚</span> 
     </span>
     <span class='ocr_line' id='line_1_13' title="bbox 320 1715 2274 1807; baseline 0 -26"><span class='ocrx_word' id='word_1_45' title='bbox 320 1716 383 1781; x_wconf 92' lang='lat' dir='ltr'>N</span> <span class='ocrx_word' id='word_1_46' title='bbox 384 1740 458 1781; x_wconf 92' lang='lat' dir='ltr'>ec</span> <span class='ocrx_word' id='word_1_47' title='bbox 485 1716 782 1787; x_wconf 77' lang='lat' dir='ltr'>trimetro</span> <span class='ocrx_word' id='word_1_48' title='bbox 813 1715 1071 1799; x_wconf 83' lang='lat' dir='ltr'>iamb0,</span> <span class='ocrx_word' id='word_1_49' title='bbox 1107 1739 1227 1781; x_wconf 89' lang='lat' dir='ltr'>nec</span> <span class='ocrx_word' id='word_1_50' title='bbox 1258 1718 1371 1805; x_wconf 85' lang='lat' dir='ltr'>qui</span> <span class='ocrx_word' id='word_1_51' title='bbox 1403 1716 1571 1807; x_wconf 90' lang='lat' dir='ltr'>pede</span> <span class='ocrx_word' id='word_1_52' title='bbox 1601 1718 1842 1785; x_wconf 88' lang='lat' dir='ltr'>fractus</span> <span class='ocrx_word' id='word_1_53' title='bbox 1865 1719 2098 1786; x_wconf 89' lang='lat' dir='ltr'>eodem</span> <span class='ocrx_word' id='word_1_54' title='bbox 2239 1725 2274 1781; x_wconf 79' lang='lat'><strong>5</strong></span> 
     </span>
     <span class='ocr_line' id='line_1_14' title="bbox 320 1828 1772 1896; baseline 0.002 -3"><span class='ocrx_word' id='word_1_55' title='bbox 320 1830 603 1895; x_wconf 87' lang='lat' dir='ltr'>Fortiter</span> <span class='ocrx_word' id='word_1_56' title='bbox 639 1830 831 1895; x_wconf 83' lang='lat' dir='ltr'>irasci</span> <span class='ocrx_word' id='word_1_57' title='bbox 867 1828 1103 1895; x_wconf 88' lang='lat' dir='ltr'>didicit</span> <span class='ocrx_word' id='word_1_58' title='bbox 1136 1829 1305 1895; x_wconf 91' lang='lat' dir='ltr'>duce</span> <span class='ocrx_word' id='word_1_59' title='bbox 1340 1831 1772 1896; x_wconf 77' lang='lat' dir='ltr'>Clazomenio·</span> 
     </span>
    </p>
   </div>
   <div class='ocr_carea' id='block_1_11' title="bbox 319 1945 1946 2035">
    <p class='ocr_par' dir='ltr' id='par_1_11' title="bbox 319 1945 1946 2035">
     <span class='ocr_line' id='line_1_15' title="bbox 319 1945 1946 2035; baseline 0.002 -26"><span class='ocrx_word' id='word_1_60' title='bbox 319 1946 562 2010; x_wconf 81' lang='lat' dir='ltr'>Caetera</span> <span class='ocrx_word' id='word_1_61' title='bbox 598 1946 759 2034; x_wconf 85' lang='lat' dir='ltr'>quin</span> <span class='ocrx_word' id='word_1_62' title='bbox 788 1946 983 2009; x_wconf 89' lang='lat' dir='ltr'>etiam</span> <span class='ocrx_word' id='word_1_63' title='bbox 1000 1994 1019 2027; x_wconf 87' lang='lat'>‚</span> <span class='ocrx_word' id='word_1_64' title='bbox 1046 1962 1209 2035; x_wconf 91' lang='lat' dir='ltr'>quot</span> <span class='ocrx_word' id='word_1_65' title='bbox 1241 1945 1525 2035; x_wconf 87' lang='lat' dir='ltr'>denique</span> <span class='ocrx_word' id='word_1_66' title='bbox 1553 1947 1757 2011; x_wconf 89' lang='lat' dir='ltr'>millia</span> <span class='ocrx_word' id='word_1_67' title='bbox 1782 1948 1946 2031; x_wconf 88' lang='lat' dir='ltr'>lusi,</span> 
     </span>
    </p>
   </div>
   <div class='ocr_carea' id='block_1_12' title="bbox 319 2059 2048 2149">
    <p class='ocr_par' dir='ltr' id='par_1_12' title="bbox 319 2059 2048 2149">
     <span class='ocr_line' id='line_1_16' title="bbox 319 2059 2048 2149; baseline 0.001 -24"><span class='ocrx_word' id='word_1_68' title='bbox 319 2061 671 2149; x_wconf 84' lang='lat' dir='ltr'>Primaque</span> <span class='ocrx_word' id='word_1_69' title='bbox 704 2060 1027 2124; x_wconf 81' lang='lat' dir='ltr'>Romanas</span> <span class='ocrx_word' id='word_1_70' title='bbox 1066 2059 1263 2125; x_wconf 91' lang='lat' dir='ltr'>docui</span> <span class='ocrx_word' id='word_1_71' title='bbox 1297 2061 1692 2128; x_wconf 88' lang='lat' dir='ltr'>contendere</span> <span class='ocrx_word' id='word_1_72' title='bbox 1725 2062 1939 2127; x_wconf 87' lang='lat' dir='ltr'>Graiis</span> <span class='ocrx_word' id='word_1_73' title='bbox 1956 2111 1978 2143; x_wconf 84' lang='lat'>,</span> <span class='ocrx_word' id='word_1_74' title='bbox 2042 2072 2048 2078; x_wconf 84' lang='lat'><strong>‘</strong></span> 
     </span>
    </p>
   </div>
   <div class='ocr_carea' id='block_1_13' title="bbox 322 2176 1940 2257">
    <p class='ocr_par' dir='ltr' id='par_1_13' title="bbox 322 2176 1940 2257">
     <span class='ocr_line' id='line_1_17' title="bbox 322 2176 1940 2257; baseline 0.001 -16"><span class='ocrx_word' id='word_1_75' title='bbox 322 2178 404 2241; x_wconf 94' lang='lat' dir='ltr'>Et</span> <span class='ocrx_word' id='word_1_76' title='bbox 440 2176 688 2241; x_wconf 86' lang='lat' dir='ltr'>salibus</span> <span class='ocrx_word' id='word_1_77' title='bbox 720 2176 971 2241; x_wconf 82' lang='lat' dir='ltr'>variare</span> <span class='ocrx_word' id='word_1_78' title='bbox 1005 2177 1190 2241; x_wconf 85' lang='lat' dir='ltr'>novis</span> <span class='ocrx_word' id='word_1_79' title='bbox 1208 2225 1227 2257; x_wconf 86' lang='lat'>,</span> <span class='ocrx_word' id='word_1_80' title='bbox 1262 2194 1630 2243; x_wconf 88' lang='lat' dir='ltr'>constanter</span> <span class='ocrx_word' id='word_1_81' title='bbox 1663 2180 1896 2243; x_wconf 90' lang='lat' dir='ltr'>omitto</span> <span class='ocrx_word' id='word_1_82' title='bbox 1924 2202 1940 2242; x_wconf 73' lang='grc' dir='ltr'><strong><em>ε</em></strong></span> 
     </span>
    </p>
   </div>
   <div class='ocr_carea' id='block_1_14' title="bbox 322 2291 2071 2382">
    <p class='ocr_par' dir='ltr' id='par_1_14' title="bbox 322 2291 2071 2382">
     <span class='ocr_line' id='line_1_18' title="bbox 322 2291 2071 2382; baseline 0.001 -24"><span class='ocrx_word' id='word_1_83' title='bbox 322 2294 549 2382; x_wconf 87' lang='lat' dir='ltr'>Teque</span> <span class='ocrx_word' id='word_1_84' title='bbox 566 2342 589 2374; x_wconf 83' lang='lat'><em>,</em></span> <span class='ocrx_word' id='word_1_85' title='bbox 630 2292 873 2380; x_wconf 87' lang='lat' dir='ltr'>quibus</span> <span class='ocrx_word' id='word_1_86' title='bbox 908 2291 1211 2382; x_wconf 88' lang='lat' dir='ltr'>princeps</span> <span class='ocrx_word' id='word_1_87' title='bbox 1247 2308 1311 2358; x_wconf 89' lang='lat' dir='ltr'>et</span> <span class='ocrx_word' id='word_1_88' title='bbox 1346 2292 1809 2360; x_wconf 83' lang='lat' dir='ltr'>facundissima</span> <span class='ocrx_word' id='word_1_89' title='bbox 1846 2295 2034 2360; x_wconf 90' lang='lat' dir='ltr'>calles</span> <span class='ocrx_word' id='word_1_90' title='bbox 2051 2343 2071 2378; x_wconf 85' lang='lat'>‚</span> 
     </span>
    </p>
   </div>
   <div class='ocr_carea' id='block_1_15' title="bbox 2211 2323 2278 2359">
    <p class='ocr_par' dir='ltr' id='par_1_15' title="bbox 2211 2323 2278 2359">
     <span class='ocr_line' id='line_1_19' title="bbox 2211 2323 2278 2359; baseline 0.015 -1"><span class='ocrx_word' id='word_1_91' title='bbox 2211 2323 2278 2359; x_wconf 81' lang='lat'>10</span> 
     </span>
    </p>
   </div>
   <div class='ocr_carea' id='block_1_16' title="bbox 302 2474 2282 2549">
    <p class='ocr_par' dir='ltr' id='par_1_16' title="bbox 302 2474 2282 2549">
     <span class='ocr_line' id='line_1_20' title="bbox 302 2474 2282 2549; baseline 0.001 -18"><span class='ocrx_word' id='word_1_92' title='bbox 302 2484 357 2542; x_wconf 79' lang='grc'>4.</span> <span class='ocrx_word' id='word_1_93' title='bbox 398 2479 685 2544; x_wconf 64' lang='lat' dir='ltr'>Phalereo-m]</span> <span class='ocrx_word' id='word_1_94' title='bbox 728 2474 915 2529; x_wconf 87' lang='lat' dir='ltr'>Scribe</span> <span class='ocrx_word' id='word_1_95' title='bbox 948 2478 1212 2536; x_wconf 65' lang='lat' dir='ltr'>Phalaeco,</span> <span class='ocrx_word' id='word_1_96' title='bbox 1282 2482 1454 2544; x_wconf 83' lang='lat' dir='ltr'>pulsus</span> <span class='ocrx_word' id='word_1_97' title='bbox 1500 2500 1534 2531; x_wconf 91' lang='lat' dir='ltr'>a</span> <span class='ocrx_word' id='word_1_98' title='bbox 1588 2481 1804 2544; x_wconf 65' lang='lat' dir='ltr'>mannis</span> <span class='ocrx_word' id='word_1_99' title='bbox 1851 2482 2180 2549; x_wconf 76' lang='lat' dir='ltr'>Athenagora</span> <span class='ocrx_word' id='word_1_100' title='bbox 2228 2495 2282 2540; x_wconf 70' lang='lat' dir='ltr'>et</span> 
     </span>
    </p>
   </div>
   <div class='ocr_carea' id='block_1_17' title="bbox 225 2555 1219 3346">
    <p class='ocr_par' dir='ltr' id='par_1_17' title="bbox 225 2555 1219 2934">
     <span class='ocr_line' id='line_1_21' title="bbox 229 2555 1213 2632; baseline -0.002 -22"><span class='ocrx_word' id='word_1_101' title='bbox 229 2577 543 2632; x_wconf 72' lang='lat' dir='ltr'>quanquam</span> <span class='ocrx_word' id='word_1_102' title='bbox 558 2557 618 2609; x_wconf 91' lang='lat' dir='ltr'>in</span> <span class='ocrx_word' id='word_1_103' title='bbox 640 2557 807 2628; x_wconf 81' lang='lat' dir='ltr'>hujus</span> <span class='ocrx_word' id='word_1_104' title='bbox 827 2555 1065 2608; x_wconf 82' lang='lat' dir='ltr'>nominis</span> <span class='ocrx_word' id='word_1_105' title='bbox 1085 2556 1213 2608; x_wconf 84' lang='lat' dir='ltr'>scri-</span> 
     </span>
     <span class='ocr_line' id='line_1_22' title="bbox 225 2637 1215 2712; baseline -0.004 -20"><span class='ocrx_word' id='word_1_106' title='bbox 225 2652 411 2712; x_wconf 77' lang='lat' dir='ltr'>ptura,</span> <span class='ocrx_word' id='word_1_107' title='bbox 425 2637 575 2712; x_wconf 86' lang='lat' dir='ltr'>apud</span> <span class='ocrx_word' id='word_1_108' title='bbox 589 2639 913 2690; x_wconf 66' lang='lat' dir='ltr'>Athenaeum</span> <span class='ocrx_word' id='word_1_109' title='bbox 923 2675 942 2702; x_wconf 84' lang='lat'>,</span> <span class='ocrx_word' id='word_1_110' title='bbox 961 2637 1215 2707; x_wconf 81' lang='lat' dir='ltr'>Hephaes-</span> 
     </span>
     <span class='ocr_line' id='line_1_23' title="bbox 231 2714 1217 2783; baseline -0.006 -11"><span class='ocrx_word' id='word_1_111' title='bbox 231 2717 852 2783; x_wconf 84' lang='lat' dir='ltr'>tionem,Victorinum,</span> <span class='ocrx_word' id='word_1_112' title='bbox 871 2714 1217 2778; x_wconf 87' lang='lat' dir='ltr'>Diomedem,</span> 
     </span>
     <span class='ocr_line' id='line_1_24' title="bbox 230 2796 1219 2868; baseline -0.004 -16"><span class='ocrx_word' id='word_1_113' title='bbox 230 2799 627 2854; x_wconf 86' lang='lat' dir='ltr'>Terentianum</span> <span class='ocrx_word' id='word_1_114' title='bbox 642 2836 659 2863; x_wconf 88' lang='lat'>‚</span> <span class='ocrx_word' id='word_1_115' title='bbox 676 2796 1005 2861; x_wconf 84' lang='lat' dir='ltr'>Ausonium,</span> <span class='ocrx_word' id='word_1_116' title='bbox 1028 2815 1219 2868; x_wconf 82' lang='lat' dir='ltr'>magna</span> 
     </span>
     <span class='ocr_line' id='line_1_25' title="bbox 230 2879 823 2934; baseline -0.01 -2"><span class='ocrx_word' id='word_1_117' title='bbox 230 2891 310 2932; x_wconf 87' lang='lat' dir='ltr'>est</span> <span class='ocrx_word' id='word_1_118' title='bbox 329 2880 572 2934; x_wconf 80' lang='lat' dir='ltr'>varietas.</span> <span class='ocrx_word' id='word_1_119' title='bbox 601 2881 655 2928; x_wconf 85' lang='lat' dir='ltr'>V.</span> <span class='ocrx_word' id='word_1_120' title='bbox 672 2879 823 2927; x_wconf 76' lang='lat' dir='ltr'>schol.</span> 
     </span>
    </p>

    <p class='ocr_par' dir='ltr' id='par_1_18' title="bbox 226 2955 1218 3346">
     <span class='ocr_line' id='line_1_26' title="bbox 301 2955 1212 3026; baseline -0.008 -14"><span class='ocrx_word' id='word_1_121' title='bbox 301 2960 351 3012; x_wconf 87' lang='lat'>5.</span> <span class='ocrx_word' id='word_1_122' title='bbox 381 2962 487 3010; x_wconf 84' lang='lat' dir='ltr'>Nec</span> <span class='ocrx_word' id='word_1_123' title='bbox 518 2961 609 3025; x_wconf 78' lang='lat' dir='ltr'>qui</span> <span class='ocrx_word' id='word_1_124' title='bbox 622 2959 753 3025; x_wconf 81' lang='lat' dir='ltr'>pede</span> <span class='ocrx_word' id='word_1_125' title='bbox 766 2957 970 3023; x_wconf 78' lang='lat' dir='ltr'>fractus</span> <span class='ocrx_word' id='word_1_126' title='bbox 990 2955 1212 3026; x_wconf 68' lang='lat' dir='ltr'>eodem]</span> 
     </span>
     <span class='ocr_line' id='line_1_27' title="bbox 226 3035 1215 3097; baseline -0.005 -6"><span class='ocrx_word' id='word_1_127' title='bbox 226 3035 271 3091; x_wconf 89' lang='lat' dir='ltr'>F</span> <span class='ocrx_word' id='word_1_128' title='bbox 272 3051 485 3091; x_wconf 89' lang='lat' dir='ltr'>ractum</span> <span class='ocrx_word' id='word_1_129' title='bbox 494 3055 715 3091; x_wconf 80' lang='lat' dir='ltr'>versum</span> <span class='ocrx_word' id='word_1_130' title='bbox 725 3048 884 3090; x_wconf 82' lang='lat' dir='ltr'>vocat</span> <span class='ocrx_word' id='word_1_131' title='bbox 896 3053 1082 3087; x_wconf 85' lang='lat' dir='ltr'>scazon</span> <span class='ocrx_word' id='word_1_132' title='bbox 1090 3046 1215 3097; x_wconf 86' lang='lat' dir='ltr'>tem,</span> 
     </span>
     <span class='ocr_line' id='line_1_28' title="bbox 230 3112 1218 3188; baseline -0.005 -19"><span class='ocrx_word' id='word_1_133' title='bbox 230 3119 385 3188; x_wconf 88' lang='lat' dir='ltr'>cujus</span> <span class='ocrx_word' id='word_1_134' title='bbox 396 3116 691 3188; x_wconf 77' lang='lat' dir='ltr'>Hipponax¹</span> <span class='ocrx_word' id='word_1_135' title='bbox 706 3127 900 3167; x_wconf 85' lang='lat' dir='ltr'>auctor</span> <span class='ocrx_word' id='word_1_136' title='bbox 920 3121 1015 3166; x_wconf 84' lang='lat' dir='ltr'>es&#39;t.</span> <span class='ocrx_word' id='word_1_137' title='bbox 1028 3112 1084 3164; x_wconf 87' lang='lat' dir='ltr'>Si</span> <span class='ocrx_word' id='word_1_138' title='bbox 1100 3113 1218 3184; x_wconf 84' lang='lat' dir='ltr'>qui·</span> 
     </span>
     <span class='ocr_line' id='line_1_29' title="bbox 231 3193 1212 3261; baseline -0.007 -11"><span class='ocrx_word' id='word_1_139' title='bbox 231 3195 357 3250; x_wconf 88' lang='lat' dir='ltr'>dem</span> <span class='ocrx_word' id='word_1_140' title='bbox 377 3234 395 3261; x_wconf 93' lang='lat'>‚</span> <span class='ocrx_word' id='word_1_141' title='bbox 424 3195 739 3248; x_wconf 86' lang='lat' dir='ltr'>testimonio</span> <span class='ocrx_word' id='word_1_142' title='bbox 770 3193 1169 3247; x_wconf 78' lang='lat' dir='ltr'>Halicarnassaei</span> <span class='ocrx_word' id='word_1_143' title='bbox 1194 3233 1212 3259; x_wconf 88' lang='lat'><strong>,</strong></span> 
     </span>
     <span class='ocr_line' id='line_1_30' title="bbox 230 3273 1215 3346; baseline -0.004 -16"><span class='ocrx_word' id='word_1_144' title='bbox 230 3288 442 3330; x_wconf 82' lang='lat' dir='ltr'>constat</span> <span class='ocrx_word' id='word_1_145' title='bbox 490 3275 893 3346; x_wconf 75' lang='lat' dir='ltr'>Hippon-actem</span> <span class='ocrx_word' id='word_1_146' title='bbox 938 3273 1215 3344; x_wconf 82' lang='lat' dir='ltr'>infregisse</span> 
     </span>
    </p>
   </div>
   <div class='ocr_carea' id='block_1_18' title="bbox 227 3355 1228 3410">
    <p class='ocr_par' dir='ltr' id='par_1_19' title="bbox 227 3355 1228 3410">
     <span class='ocr_line' id='line_1_31' title="bbox 227 3355 1228 3410; baseline -0.005 0"><span class='ocrx_word' id='word_1_147' title='bbox 227 3356 545 3410; x_wconf 84' lang='lat' dir='ltr'>trimetrum</span> <span class='ocrx_word' id='word_1_148' title='bbox 571 3355 983 3407; x_wconf 87' lang='lat' dir='ltr'>Archilochium</span> <span class='ocrx_word' id='word_1_149' title='bbox 1020 3355 1079 3406; x_wconf 91' lang='lat' dir='ltr'>in</span> <span class='ocrx_word' id='word_1_150' title='bbox 1113 3369 1228 3406; x_wconf 79' lang='lat' dir='ltr'>sca·‘</span> 
     </span>
    </p>
   </div>
   <div class='ocr_carea' id='block_1_19' title="bbox 229 3437 1226 4084">
    <p class='ocr_par' dir='ltr' id='par_1_20' title="bbox 229 3437 1219 3662">
     <span class='ocr_line' id='line_1_32' title="bbox 230 3437 1219 3508; baseline -0.004 -18"><span class='ocrx_word' id='word_1_151' title='bbox 230 3451 484 3497; x_wconf 81' lang='lat' dir='ltr'>zontem,</span> <span class='ocrx_word' id='word_1_152' title='bbox 514 3455 627 3508; x_wconf 87' lang='lat' dir='ltr'>quo</span> <span class='ocrx_word' id='word_1_153' title='bbox 667 3437 918 3488; x_wconf 89' lang='lat' dir='ltr'>inimicos</span> <span class='ocrx_word' id='word_1_154' title='bbox 951 3447 1219 3508; x_wconf 85' lang='lat' dir='ltr'>pungeret</span> 
     </span>
     <span class='ocr_line' id='line_1_33' title="bbox 230 3517 1219 3589; baseline -0.002 -19"><span class='ocrx_word' id='word_1_155' title='bbox 230 3519 479 3570; x_wconf 74' lang='lat' dir='ltr'>acerbius</span> <span class='ocrx_word' id='word_1_156' title='bbox 512 3531 526 3564; x_wconf 81' lang='lat' dir='ltr'>t</span> <span class='ocrx_word' id='word_1_157' title='bbox 566 3519 809 3578; x_wconf 77' lang='grc' dir='ltr'>Σκάζουσι</span> <span class='ocrx_word' id='word_1_158' title='bbox 856 3521 1051 3589; x_wconf 79' lang='grc' dir='ltr'>μέτροις</span> <span class='ocrx_word' id='word_1_159' title='bbox 1085 3517 1219 3586; x_wconf 47' lang='grc' dir='ltr'><strong>’ϊόρθὲι</strong></span> 
     </span>
     <span class='ocr_line' id='line_1_34' title="bbox 229 3599 931 3662; baseline -0.007 -12"><span class='ocrx_word' id='word_1_160' title='bbox 229 3599 469 3662; x_wconf 79' lang='grc' dir='ltr'><strong>τοξεύσας</strong></span> <span class='ocrx_word' id='word_1_161' title='bbox 496 3599 609 3653; x_wconf 75' lang='grc' dir='ltr'><strong>ἔτι-η’.</strong></span> <span class='ocrx_word' id='word_1_162' title='bbox 637 3599 791 3647; x_wconf 78' lang='lat' dir='ltr'>Hadr.</span> <span class='ocrx_word' id='word_1_163' title='bbox 817 3601 931 3646; x_wconf 79' lang='lat' dir='ltr'>Iun.</span> 
     </span>
    </p>

    <p class='ocr_par' dir='ltr' id='par_1_21' title="bbox 234 3675 1226 4084">
     <span class='ocr_line' id='line_1_35' title="bbox 302 3675 1223 3747; baseline -0.004 -17"><span class='ocrx_word' id='word_1_164' title='bbox 302 3681 355 3730; x_wconf 87' lang='grc'>6.</span> <span class='ocrx_word' id='word_1_165' title='bbox 398 3683 540 3728; x_wconf 81' lang='lat' dir='ltr'>Duce</span> <span class='ocrx_word' id='word_1_166' title='bbox 590 3677 964 3746; x_wconf 61' lang='lat' dir='ltr'>Clazomenio]</span> <span class='ocrx_word' id='word_1_167' title='bbox 1014 3675 1223 3747; x_wconf 88' lang='lat' dir='ltr'>Hippo-</span> 
     </span>
     <span class='ocr_line' id='line_1_36' title="bbox 234 3755 1221 3812; baseline -0.003 -2"><span class='ocrx_word' id='word_1_168' title='bbox 234 3772 412 3812; x_wconf 83' lang='lat' dir='ltr'>nacte.</span> <span class='ocrx_word' id='word_1_169' title='bbox 445 3755 640 3809; x_wconf 83' lang='lat' dir='ltr'>Suidas</span> <span class='ocrx_word' id='word_1_170' title='bbox 670 3776 800 3810; x_wconf 84' lang='lat' dir='ltr'>vero</span> <span class='ocrx_word' id='word_1_171' title='bbox 827 3757 978 3808; x_wconf 90' lang='lat' dir='ltr'>hunc</span> <span class='ocrx_word' id='word_1_172' title='bbox 1010 3757 1068 3807; x_wconf 86' lang='lat' dir='ltr'>in</span> <span class='ocrx_word' id='word_1_173' title='bbox 1099 3775 1221 3808; x_wconf 88' lang='lat' dir='ltr'>mo-</span> 
     </span>
     <span class='ocr_line' id='line_1_37' title="bbox 235 3833 1225 3907; baseline -0.005 -17"><span class='ocrx_word' id='word_1_174' title='bbox 235 3836 371 3890; x_wconf 83' lang='lat' dir='ltr'>dum</span> <span class='ocrx_word' id='word_1_175' title='bbox 410 3835 483 3889; x_wconf 87' lang='lat' dir='ltr'>de</span> <span class='ocrx_word' id='word_1_176' title='bbox 524 3854 589 3888; x_wconf 87' lang='lat' dir='ltr'>eo</span> <span class='ocrx_word' id='word_1_177' title='bbox 630 3836 903 3888; x_wconf 73' lang='lat' dir='ltr'>memoriae</span> <span class='ocrx_word' id='word_1_178' title='bbox 934 3833 1181 3907; x_wconf 86' lang='lat' dir='ltr'>prodidit</span> <span class='ocrx_word' id='word_1_179' title='bbox 1205 3844 1225 3885; x_wconf 75' lang='lat'>:⁴</span> 
     </span>
     <span class='ocr_line' id='line_1_38' title="bbox 238 3919 1225 3985; baseline -0.005 -15"><span class='ocrx_word' id='word_1_180' title='bbox 238 3921 509 3985; x_wconf 75' lang='lat' dir='ltr'>Hipponax</span> <span class='ocrx_word' id='word_1_181' title='bbox 532 3931 683 3984; x_wconf 77' lang='lat' dir='ltr'>patre</span> <span class='ocrx_word' id='word_1_182' title='bbox 720 3919 922 3982; x_wconf 75' lang='lat' dir='ltr'>Pythoeo</span> <span class='ocrx_word' id='word_1_183' title='bbox 936 3955 954 3978; x_wconf 89' lang='lat'>‚</span> <span class='ocrx_word' id='word_1_184' title='bbox 984 3931 1035 3968; x_wconf 80' lang='lat' dir='ltr'>et</span> <span class='ocrx_word' id='word_1_185' title='bbox 1068 3931 1225 3968; x_wconf 81' lang='lat' dir='ltr'>matre</span> 
     </span>
     <span class='ocr_line' id='line_1_39' title="bbox 243 3998 1226 4084; baseline -0.008 -35"><span class='ocrx_word' id='word_1_186' title='bbox 243 4001 604 4052; x_wconf 64' lang='lat' dir='ltr'>Provide-natus</span> <span class='ocrx_word' id='word_1_187' title='bbox 616 4035 636 4060; x_wconf 87' lang='lat'>‚</span> <span class='ocrx_word' id='word_1_188' title='bbox 652 3998 1024 4078; x_wconf 60' lang='lat' dir='ltr'>Ephesiusficic,</span> <span class='ocrx_word' id='word_1_189' title='bbox 1043 4001 1129 4084; x_wconf 47' lang='lat' dir='ltr'>seq</span> <span class='ocrx_word' id='word_1_190' title='bbox 1139 4015 1226 4052; x_wconf 68' lang='lat' dir='ltr'>ex.</span> 
     </span>
    </p>
   </div>
   <div class='ocr_carea' id='block_1_20' title="bbox 1292 2559 2282 3659">
    <p class='ocr_par' dir='ltr' id='par_1_22' title="bbox 1292 2559 2282 3492">
     <span class='ocr_line' id='line_1_40' title="bbox 1293 2559 2277 2618; baseline 0.005 -12"><span class='ocrx_word' id='word_1_191' title='bbox 1293 2559 1442 2608; x_wconf 88' lang='lat' dir='ltr'>Coma</span> <span class='ocrx_word' id='word_1_192' title='bbox 1455 2597 1472 2618; x_wconf 93' lang='lat'><em>,</em></span> <span class='ocrx_word' id='word_1_193' title='bbox 1505 2561 1819 2609; x_wconf 83' lang='lat' dir='ltr'>Clazomenas</span> <span class='ocrx_word' id='word_1_194' title='bbox 1845 2561 2121 2610; x_wconf 74' lang='lat' dir='ltr'>habitatum</span> <span class='ocrx_word' id='word_1_195' title='bbox 2157 2579 2277 2611; x_wconf 83' lang='lat' dir='ltr'>con·</span> 
     </span>
     <span class='ocr_line' id='line_1_41' title="bbox 1292 2636 2279 2710; baseline 0.006 -23"><span class='ocrx_word' id='word_1_196' title='bbox 1292 2640 1440 2688; x_wconf 66' lang='lat' dir='ltr'>ces-sit.</span> <span class='ocrx_word' id='word_1_197' title='bbox 1458 2639 1600 2703; x_wconf 87' lang='lat' dir='ltr'>Quia</span> <span class='ocrx_word' id='word_1_198' title='bbox 1628 2649 1810 2690; x_wconf 87' lang='lat' dir='ltr'>autem</span> <span class='ocrx_word' id='word_1_199' title='bbox 1841 2636 2072 2690; x_wconf 79' lang='lat' dir='ltr'>extorris</span> <span class='ocrx_word' id='word_1_200' title='bbox 2101 2641 2279 2710; x_wconf 77' lang='lat' dir='ltr'>patria</span> 
     </span>
     <span class='ocr_line' id='line_1_42' title="bbox 1300 2715 2280 2799; baseline 0.003 -31"><span class='ocrx_word' id='word_1_201' title='bbox 1300 2717 1642 2799; x_wconf 74' lang='lat' dir='ltr'>Clazomenas</span> <span class='ocrx_word' id='word_1_202' title='bbox 1659 2756 1676 2782; x_wconf 89' lang='lat'>,</span> <span class='ocrx_word' id='word_1_203' title='bbox 1698 2715 1865 2771; x_wconf 81' lang='lat' dir='ltr'>Ioniae</span> <span class='ocrx_word' id='word_1_204' title='bbox 1887 2720 2082 2771; x_wconf 89' lang='lat' dir='ltr'>urbem</span> <span class='ocrx_word' id='word_1_205' title='bbox 2098 2757 2114 2784; x_wconf 89' lang='lat'>,</span> <span class='ocrx_word' id='word_1_206' title='bbox 2135 2739 2280 2773; x_wconf 89' lang='lat' dir='ltr'>com-</span> 
     </span>
     <span class='ocr_line' id='line_1_43' title="bbox 1297 2796 2278 2868; baseline 0.004 -20"><span class='ocrx_word' id='word_1_207' title='bbox 1297 2797 1618 2868; x_wconf 78' lang='lat' dir='ltr'>migraverat</span> <span class='ocrx_word' id='word_1_208' title='bbox 1635 2834 1652 2863; x_wconf 89' lang='lat'><strong>,</strong></span> <span class='ocrx_word' id='word_1_209' title='bbox 1685 2816 1716 2849; x_wconf 91' lang='lat' dir='ltr'>a</span> <span class='ocrx_word' id='word_1_210' title='bbox 1753 2796 1995 2868; x_wconf 82' lang='lat' dir='ltr'>Sulpicia</span> <span class='ocrx_word' id='word_1_211' title='bbox 2034 2798 2278 2868; x_wconf 86' lang='lat' dir='ltr'>epitheto</span> 
     </span>
     <span class='ocr_line' id='line_1_44' title="bbox 1298 2874 2279 2950; baseline 0 -22"><span class='ocrx_word' id='word_1_212' title='bbox 1298 2875 1672 2942; x_wconf 75' lang='lat' dir='ltr'>Clazomenius</span> <span class='ocrx_word' id='word_1_213' title='bbox 1682 2887 1922 2928; x_wconf 81' lang='lat' dir='ltr'>vocatur.</span> <span class='ocrx_word' id='word_1_214' title='bbox 1937 2874 2094 2928; x_wconf 90' lang='lat' dir='ltr'>Idem</span> <span class='ocrx_word' id='word_1_215' title='bbox 2111 2878 2279 2950; x_wconf 84' lang='lat' dir='ltr'>scrip-</span> 
     </span>
     <span class='ocr_line' id='line_1_45' title="bbox 1297 2955 2278 3026; baseline 0.003 -20"><span class='ocrx_word' id='word_1_216' title='bbox 1297 2956 1366 3007; x_wconf 85' lang='lat' dir='ltr'>sit</span> <span class='ocrx_word' id='word_1_217' title='bbox 1387 2956 1445 3007; x_wconf 89' lang='lat' dir='ltr'>in</span> <span class='ocrx_word' id='word_1_218' title='bbox 1464 2956 1735 3026; x_wconf 86' lang='lat' dir='ltr'>Bupalum</span> <span class='ocrx_word' id='word_1_219' title='bbox 1755 2967 1808 3008; x_wconf 88' lang='lat' dir='ltr'>et</span> <span class='ocrx_word' id='word_1_220' title='bbox 1825 2955 2064 3008; x_wconf 87' lang='lat' dir='ltr'>Athenin</span> <span class='ocrx_word' id='word_1_221' title='bbox 2081 2968 2278 3009; x_wconf 83' lang='lat' dir='ltr'>statua-</span> 
     </span>
     <span class='ocr_line' id='line_1_46' title="bbox 1294 3033 2279 3106; baseline -0.001 -19"><span class='ocrx_word' id='word_1_222' title='bbox 1294 3035 1406 3088; x_wconf 83' lang='lat' dir='ltr'>rios</span> <span class='ocrx_word' id='word_1_223' title='bbox 1432 3035 1700 3101; x_wconf 78' lang='lat' dir='ltr'>celebres3</span> <span class='ocrx_word' id='word_1_224' title='bbox 1725 3033 1878 3106; x_wconf 81' lang='lat' dir='ltr'>quod</span> <span class='ocrx_word' id='word_1_225' title='bbox 1903 3035 2076 3106; x_wconf 81' lang='lat' dir='ltr'>ipsius</span> <span class='ocrx_word' id='word_1_226' title='bbox 2093 3035 2279 3106; x_wconf 85' lang='lat' dir='ltr'>imagi-</span> 
     </span>
     <span class='ocr_line' id='line_1_47' title="bbox 1295 3113 2278 3185; baseline 0.002 -19"><span class='ocrx_word' id='word_1_227' title='bbox 1295 3133 1392 3168; x_wconf 83' lang='lat' dir='ltr'>nes</span> <span class='ocrx_word' id='word_1_228' title='bbox 1433 3113 1500 3167; x_wconf 84' lang='lat' dir='ltr'>ad</span> <span class='ocrx_word' id='word_1_229' title='bbox 1550 3114 1856 3168; x_wconf 88' lang='lat' dir='ltr'>ludibrium</span> <span class='ocrx_word' id='word_1_230' title='bbox 1894 3114 2278 3185; x_wconf 79' lang='lat' dir='ltr'>expressissent</span> 
     </span>
     <span class='ocr_line' id='line_1_48' title="bbox 1296 3192 2278 3265; baseline -0.002 -17"><span class='ocrx_word' id='word_1_231' title='bbox 1296 3199 1448 3265; x_wconf 86' lang='lat' dir='ltr'>(erat</span> <span class='ocrx_word' id='word_1_232' title='bbox 1467 3195 1616 3248; x_wconf 89' lang='lat' dir='ltr'>enim</span> <span class='ocrx_word' id='word_1_233' title='bbox 1637 3194 1868 3250; x_wconf 88' lang='lat' dir='ltr'>notabili</span> <span class='ocrx_word' id='word_1_234' title='bbox 1895 3192 2138 3247; x_wconf 73' lang='lat' dir='ltr'>foeditate</span> <span class='ocrx_word' id='word_1_235' title='bbox 2160 3195 2278 3248; x_wconf 83' lang='lat' dir='ltr'>vul-</span> 
     </span>
     <span class='ocr_line' id='line_1_49' title="bbox 1297 3274 2276 3347; baseline -0.002 -17"><span class='ocrx_word' id='word_1_236' title='bbox 1297 3277 1422 3347; x_wconf 66' lang='lat' dir='ltr'>tus).</span> <span class='ocrx_word' id='word_1_237' title='bbox 1438 3278 1596 3330; x_wconf 88' lang='lat' dir='ltr'>Unde</span> <span class='ocrx_word' id='word_1_238' title='bbox 1610 3276 1828 3339; x_wconf 87' lang='lat' dir='ltr'>dicitur,</span> <span class='ocrx_word' id='word_1_239' title='bbox 1843 3276 2029 3329; x_wconf 85' lang='lat' dir='ltr'>Horat.</span> <span class='ocrx_word' id='word_1_240' title='bbox 2043 3274 2201 3347; x_wconf 88' lang='lat' dir='ltr'>epod.</span> <span class='ocrx_word' id='word_1_241' title='bbox 2219 3278 2276 3340; x_wconf 86' lang='lat'>6,</span> 
     </span>
     <span class='ocr_line' id='line_1_50' title="bbox 1296 3355 2282 3425; baseline 0.001 -17"><span class='ocrx_word' id='word_1_242' title='bbox 1296 3377 1416 3408; x_wconf 83' lang='lat' dir='ltr'>acer</span> <span class='ocrx_word' id='word_1_243' title='bbox 1439 3361 1584 3408; x_wconf 75' lang='lat' dir='ltr'>boscis</span> <span class='ocrx_word' id='word_1_244' title='bbox 1607 3359 1799 3425; x_wconf 82' lang='lat' dir='ltr'>Bupalo</span> <span class='ocrx_word' id='word_1_245' title='bbox 1810 3394 1829 3417; x_wconf 93' lang='lat'>‚</span> <span class='ocrx_word' id='word_1_246' title='bbox 1851 3368 1905 3409; x_wconf 83' lang='lat' dir='ltr'>et</span> <span class='ocrx_word' id='word_1_247' title='bbox 1931 3355 2184 3412; x_wconf 81' lang='lat' dir='ltr'>Politian.</span> <span class='ocrx_word' id='word_1_248' title='bbox 2215 3356 2282 3409; x_wconf 78' lang='lat' dir='ltr'>in.</span> 
     </span>
     <span class='ocr_line' id='line_1_51' title="bbox 1298 3437 1936 3492; baseline -0.006 -2"><span class='ocrx_word' id='word_1_249' title='bbox 1298 3437 1536 3492; x_wconf 84' lang='lat' dir='ltr'>Nutritia</span> <span class='ocrx_word' id='word_1_250' title='bbox 1557 3457 1652 3490; x_wconf 91' lang='lat' dir='ltr'>sua</span> <span class='ocrx_word' id='word_1_251' title='bbox 1673 3457 1685 3488; x_wconf 74' lang='grc' dir='ltr'><strong>ε</strong></span> <span class='ocrx_word' id='word_1_252' title='bbox 1933 3477 1936 3482; x_wconf 97' lang='grc'>.</span> 
     </span>
    </p>

    <p class='ocr_par' dir='ltr' id='par_1_23' title="bbox 1302 3529 2278 3592">
     <span class='ocr_line' id='line_1_52' title="bbox 1302 3529 2278 3592; baseline 0.001 -16"><span class='ocrx_word' id='word_1_253' title='bbox 1302 3531 1402 3577; x_wconf 81' lang='lat' dir='ltr'>Nec</span> <span class='ocrx_word' id='word_1_254' title='bbox 1431 3530 1554 3577; x_wconf 86' lang='lat' dir='ltr'>ferus</span> <span class='ocrx_word' id='word_1_255' title='bbox 1591 3531 1844 3592; x_wconf 79' lang='lat' dir='ltr'>Hipponax</span> <span class='ocrx_word' id='word_1_256' title='bbox 1866 3564 1880 3587; x_wconf 93' lang='lat'><strong>,</strong></span> <span class='ocrx_word' id='word_1_257' title='bbox 1915 3539 2016 3576; x_wconf 77' lang='lat' dir='ltr'>atro</span> <span class='ocrx_word' id='word_1_258' title='bbox 2055 3529 2138 3592; x_wconf 80' lang='lat' dir='ltr'>qui</span> <span class='ocrx_word' id='word_1_259' title='bbox 2169 3529 2278 3577; x_wconf 75' lang='lat' dir='ltr'>fell·</span> 
     </span>
    </p>

    <p class='ocr_par' dir='ltr' id='par_1_24' title="bbox 1425 3613 1668 3659">
     <span class='ocr_line' id='line_1_53' title="bbox 1425 3613 1668 3659; baseline -0.004 -10"><span class='ocrx_word' id='word_1_260' title='bbox 1425 3613 1668 3659; x_wconf 86' lang='lat' dir='ltr'>cruentus,</span> 
     </span>
    </p>
   </div>
   <div class='ocr_carea' id='block_1_21' title="bbox 1298 3672 2282 3794">
    <p class='ocr_par' dir='ltr' id='par_1_25' title="bbox 1298 3672 2282 3794">
     <span class='ocr_line' id='line_1_54' title="bbox 1298 3672 2282 3736; baseline -0.002 -16"><span class='ocrx_word' id='word_1_261' title='bbox 1298 3675 1511 3736; x_wconf 84' lang='lat' dir='ltr'>Bupalon</span> <span class='ocrx_word' id='word_1_262' title='bbox 1531 3709 1544 3731; x_wconf 95' lang='lat'>,</span> <span class='ocrx_word' id='word_1_263' title='bbox 1581 3685 1627 3720; x_wconf 88' lang='lat' dir='ltr'>et</span> <span class='ocrx_word' id='word_1_264' title='bbox 1663 3683 1856 3736; x_wconf 81' lang='lat' dir='ltr'>stratum</span> <span class='ocrx_word' id='word_1_265' title='bbox 1894 3687 2052 3720; x_wconf 80' lang='lat' dir='ltr'>morsu</span> <span class='ocrx_word' id='word_1_266' title='bbox 2086 3672 2282 3720; x_wconf 77' lang='lat' dir='ltr'>laniavit</span> 
     </span>
     <span class='ocr_line' id='line_1_55' title="bbox 1424 3745 1644 3794; baseline -0.023 0"><span class='ocrx_word' id='word_1_267' title='bbox 1424 3745 1644 3794; x_wconf 82' lang='lat' dir='ltr'>Athenin.</span> 
     </span>
    </p>
   </div>
   <div class='ocr_carea' id='block_1_22' title="bbox 1302 3831 2277 3914">
    <p class='ocr_par' dir='ltr' id='par_1_26' title="bbox 1302 3831 2277 3914">
     <span class='ocr_line' id='line_1_56' title="bbox 1302 3831 2277 3914; baseline 0 -29"><span class='ocrx_word' id='word_1_268' title='bbox 1302 3831 1449 3886; x_wconf 86' lang='lat' dir='ltr'>Vide</span> <span class='ocrx_word' id='word_1_269' title='bbox 1495 3832 1754 3908; x_wconf 49' lang='lat' dir='ltr'>Hadrian.</span> <span class='ocrx_word' id='word_1_270' title='bbox 1809 3835 1941 3886; x_wconf 85' lang='lat' dir='ltr'>Jun.</span> <span class='ocrx_word' id='word_1_271' title='bbox 1993 3831 2277 3914; x_wconf 58' lang='lat' dir='ltr'>Animady.</span> 
     </span>
    </p>
   </div>
   <div class='ocr_carea' id='block_1_23' title="bbox 1301 3914 2288 4072">
    <p class='ocr_par' dir='ltr' id='par_1_27' title="bbox 1301 3914 2288 4072">
     <span class='ocr_line' id='line_1_57' title="bbox 1301 3914 1746 3984; baseline -0.002 -17"><span class='ocrx_word' id='word_1_272' title='bbox 1301 3914 1398 3967; x_wconf 90' lang='lat' dir='ltr'>lib.</span> <span class='ocrx_word' id='word_1_273' title='bbox 1425 3916 1486 3979; x_wconf 87' lang='lat' dir='ltr'>I,</span> <span class='ocrx_word' id='word_1_274' title='bbox 1514 3933 1634 3984; x_wconf 89' lang='lat' dir='ltr'>cap.</span> <span class='ocrx_word' id='word_1_275' title='bbox 1664 3918 1746 3966; x_wconf 90' lang='lat'>16.</span> 
     </span>
     <span class='ocr_line' id='line_1_58' title="bbox 1380 3993 2288 4072; baseline 0.004 -26"><span class='ocrx_word' id='word_1_276' title='bbox 1380 4012 1462 4072; x_wconf 77' lang='lat' dir='ltr'>xo.</span> <span class='ocrx_word' id='word_1_277' title='bbox 1485 3999 1649 4062; x_wconf 67' lang='lat' dir='ltr'>Teque</span> <span class='ocrx_word' id='word_1_278' title='bbox 1660 4033 1682 4070; x_wconf 78' lang='lat'>¹.</span> <span class='ocrx_word' id='word_1_279' title='bbox 1701 3999 1820 4068; x_wconf 63' lang='lat' dir='ltr'>etc-1</span> <span class='ocrx_word' id='word_1_280' title='bbox 1847 3995 1936 4049; x_wconf 86' lang='lat' dir='ltr'>Sic</span> <span class='ocrx_word' id='word_1_281' title='bbox 1955 3993 2288 4068; x_wconf 51' lang='lat' dir='ltr'>distinguens·</span> 
     </span>
    </p>
   </div>
  </div>
 </body>
</html>
