2775 4619
562 430 697 506 244
934 426 1007 488 c.
1061 370 1448 491 Lucan
1501 422 2154 493 FRAGMENTA

1503 551 1532 606 I
1547 552 1626 608 X.

640 650 751 707 Per
779 645 1011 705 satiram
1032 690 1050 719 ‚
1078 645 1351 706 Aedilem
1385 647 1608 705 factum
1641 645 1746 725 qui
1773 645 1992 725 legibu’
2018 646 2223 707 solvat.

1536 745 1615 801 X.
2185 743 2198 765 “

638 840 782 913 Cui,
814 842 863 899 si
890 843 1191 921 conjuret,
1217 840 1480 921 populus
1503 841 1604 897 vix
1629 842 1779 899 totu’
1807 840 1945 899 satis
1973 841 2068 899 sit.

1499 940 1558 997 X
1577 936 1625 995 I.

634 1038 845 1095 Munu’
873 1049 1068 1096 tamen
1090 1036 1290 1116 fungi,
1313 1046 1375 1095 et
1395 1056 1598 1094 muros
1623 1056 1848 1095 servare
1873 1037 2178 1115 potissent.

1261 1141 1271 1147 “
1487 1136 1548 1191 X
1563 1136 1594 1190 Ι
1612 1135 1662 1191 Ῑ.

631 1231 694 1290 Si
720 1250 841 1289 nou
864 1230 1119 1310 amplius
1133 1271 1151 1300 ‚
1176 1194 1251 1287 ad
1280 1228 1536 1289 lustrum
1559 1229 1674 1287 hoc
1699 1229 2046 1310 protolleret
2068 1250 2278 1325 unum,

1458 1328 1521 1384 X
1534 1329 1565 1383 1
1583 1329 1612 1383 1
1630 1329 1678 1384 Ῑ.

630 1422 729 1483 Ad
751 1441 979 1481 coenam
1002 1422 1293 1481 adducam
1310 1464 1327 1493 ‚
1351 1434 1410 1481 et
1441 1424 1700 1501 primum
1722 1394 1888 1493 hisee
1908 1424 2226 1484 abdomina
2247 1424 2464 1504 thynni

630 1520 1089 1579 Advenientibu’
1108 1520 1293 1621 Q
1308 1519 1921 1675 dahoicleghaleaque
1944 1534 2174 1580 atamae.

626 1719 807 1775 Porro
827 1733 1249 1799 quaecumque,
1276 1724 1335 1772 et
1362 1713 1751 1792 cuicumque,
1779 1726 1850 1773 ut
1874 1714 2132 1775 diximus
2153 1728 2289 1776 ante
2307 1760 2326 1789 ,

626 1814 935 1873 Obstiterit
950 1856 968 1885 ,
997 1813 1201 1891 primo,
1220 1811 1335 1871 hoc
1360 1811 1668 1871 minuendi
1693 1810 1870 1871 refert
1889 1832 2004 1871 res.

1248 1922 1277 1937 “
1486 1911 1632 1969 XV.

637 2048 1412 2067 ....................
1441 2009 1528 2067 Ut
1555 2006 1910 2066 contendere
1936 2026 2172 2086 possem

506 2117 519 2147 Ι
626 2104 967 2163 Thestiadae.
994 2104 1168 2165 Ledae
1181 2148 1198 2177 ‚
1221 2116 1400 2183 atque
1426 2105 1660 2169 Ixionas
1682 2104 2081 2164 Archilochio.

1460 2204 1522 2261 X
1533 2205 1586 2259 V
1603 2204 1650 2259 Ῑ.

622 2299 743 2362 Has
768 2262 861 2359 res
886 2298 963 2357 ad
990 2309 1047 2358 te
1075 2297 1346 2379 scriptas,
1369 2300 1554 2372 Luci,
1583 2299 1882 2374 misimus»,
1908 2260 2062 2360 Aeli.

1445 2400 1505 2454 X
1515 2402 1568 2456 V
1579 2401 1610 2455 1
1627 2401 1678 2455 1.

620 2493 771 2567 Quis
794 2493 951 2573 leget
974 2491 1138 2552 haec?
1159 2493 1304 2552 Min’
1332 2506 1400 2552 tu
1426 2494 1586 2556 istud
1613 2495 1736 2553 ais?
1755 2497 1944 2555 Nemo
1959 2537 1978 2566 ,
2005 2493 2249 2554 hercule
2265 2537 2282 2567 ‚
2307 2515 2509 2557 nemo.

1415 2594 1539 2650 XV
1552 2596 1582 2651 1
1600 2594 1629 2649 I
1648 2595 1696 2650 1.
2172 2647 2184 2656 .

617 2689 863 2768 Serpere
888 2687 987 2746 utiv
1006 2707 1314 2768 gangraena
1338 2688 1492 2747 mala
1507 2731 1524 2761 ‚
1551 2703 1730 2768 atque
1757 2688 2084 2779 heffegssica
2103 2675 2322 2770 posset:

1451 2790 1514 2845 X
1532 2789 1561 2844 Ῑ
1580 2791 1656 2846 X.

614 2881 835 2942 Vultus
852 2882 997 2942 item
1020 2895 1090 2942 ut
1114 2882 1291 2942 facies
1308 2925 1327 2955 ,
1354 2903 1514 2943 mors
1529 2928 1548 2956 ,
1577 2885 1781 2943 icteru’
1804 2883 2060 2957 morhu’,
2085 2904 2400 2952 venenum.

1474 2983 1536 3040 X
1553 2983 1630 3042 X.

612 3077 900 3137 Infamem
918 3121 936 3151 ‚
964 3077 1271 3138 honestam
1286 3121 1303 3151 ,
1326 3066 1683 3158 turpemque
1709 3078 1902 3138 odisse
1925 3079 2224 3159 popinam.

600 3280 649 3327 9.
670 3263 847 3329 &cira
861 3267 971 3314 Hoc
986 3265 1101 3314 loeo
1116 3300 1131 3324 ,
1146 3265 1255 3324 lex,
1270 3282 1383 3330 quae
1400 3279 1508 3316 uno
1667 3267 1748 3314 ιδ.
1791 3266 1987 3315 Auctor
2035 3265 2320 3316 Rhetoricae
2365 3267 2432 3316 ad
2475 3271 2580 3319 He·

526 3354 704 3410 rogatu
730 3345 889 3392 multa
916 3345 1311 3409 comprehendit.
1590 3347 1828 3394 rennium
1844 3379 1860 3405 ,
1888 3345 1976 3394 lib.
2002 3348 2092 3404 IV,
2119 3347 2182 3394 de
2207 3351 2538 3399 ornamentis.

600 3440 683 3472 ιο.
710 3423 993 3482 Charisius,
1012 3422 1101 3473 lib.
1120 3427 1185 3472 11.
1666 3443 1724 3487 ¹7
1737 3461 1750 3475 .
1762 3430 1930 3475 Veter.
1945 3428 2083 3476 Glos.
2097 3428 2154 3474 in
2168 3429 2408 3487 Persium,
2419 3439 2510 3478 sat.
2531 3446 2578 3477 1.

599 3519 683 3549 11.
716 3501 941 3550 Nonius:
970 3498 1202 3550 Accusat.
1229 3511 1323 3566 pro
1349 3501 1502 3552 ablat.
1663 3507 1979 3556 18.Nonius:
1997 3509 2282 3573 Gangroena
2296 3519 2573 3558 esteaneer.

598 3578 1189 3631 mebniuszPr-otollere
1202 3593 1279 3630 est
1288 3579 1505 3630 differre.
1583 3587 1959 3651 —o-Herpescica.
1983 3591 2192 3646 Forsan,
2218 3577 2390 3652 herpes
2412 3589 2502 3638 ita.

596 3663 679 3710 13.
707 3663 769 3710 A.
804 3663 1022 3721 Gellius,
1051 3664 1135 3712 liv.
1167 3665 1216 3710 X
1232 3697 1246 3722 ,
1268 3677 1378 3726 cap.
1411 3677 1502 3710 ποτ
1523 3666 1536 3688 ’“
1660 3682 1745 3729 ¹9·
1769 3666 1997 3717 Nonius:
2019 3669 2206 3717 Vultus
2228 3679 2278 3717 et
2297 3669 2450 3718 facies
2470 3671 2574 3720 hoe

516 3739 725 3788 Veteres
728 3740 875 3805 priva
891 3741 1151 3802 dixerunt,
1164 3755 1276 3805 quae
1290 3755 1384 3788 nos
1401 3741 1505 3788 sin·
1585 3746 1772 3794 distant
1787 3764 1800 3794 ς
1821 3748 1994 3795 vulcus
2009 3757 2082 3794 est
2093 3747 2326 3796 voluntas
2341 3759 2459 3812 «χιιι
2477 3765 2572 3815 pro

515 3819 631 3889 gula
641 3820 1147 3878 dicimus.—-Atarne,
1162 3821 1313 3884 piscis
1329 3835 1504 3885 genus.
1585 3837 1729 3874 motu
1747 3828 1904 3874 animi
1925 3827 1983 3874 in
2003 3827 2130 3876 faeie
2151 3828 2434 3877 ostenditur
2449 3845 2466 3888 3
2477 3828 2577 3893 faa

587 3910 672 3957 14.
688 3903 1135 3951 NoniumAhlativ.
1152 3918 1245 3967 pro
1256 3903 1500 3968 genitivo.
1583 3906 1678 3954 cies
1703 3908 1810 3971 ipsa
1837 3909 1941 3955 oris
1969 3909 2175 3972 speeies.
2199 3937 2204 3944 ·
2251 3935 2256 3940 ·

586 3981 670 4028 15.
701 3981 904 4031 Nonius
931 4000 945 4030 τ
980 3983 1277 4034 contendere
1290 4018 1309 4044 ,
1340 3984 1499 4053 signi-
1649 3991 1736 4034 no.
1775 3989 1976 4036 Nonius
2005 4005 2018 4034 ε
2055 3989 2375 4053 Popinones‚
2399 3989 2487 4038 vel
2513 3989 2570 4038 hi

511 4057 631 4113 fleat
657 4077 959 4127 comparare.
1577 4083 1708 4132 qnos
1743 4084 1884 4118 nune
1921 4069 2136 4119 dicimus
2173 4070 2514 4133 tabenna-ios,
2537 4085 2566 4118 a
