2775 4619
537 446 670 525 234
933 446 1003 509 c,
1051 443 1447 520 LUCILII
1491 444 2130 517 FRAGMENTA
2183 400 2187 405 ⁴

1370 570 1420 625 L
1437 570 1495 625 X
1507 572 1562 626 V
1575 571 1604 625 Ι
1623 571 1651 625 Ι
1671 571 1720 625 Ι.

612 667 899 725 Sanctum
924 685 1035 745 ego
1060 686 1095 723 a
1119 665 1365 725 Metello
1390 668 1644 731 Romam
1671 666 2026 745 repedaham
2051 686 2316 736 munere.

1407 766 1456 821 L
1477 766 1536 821 X
1553 766 1584 821 1
1603 766 1681 821 X.

612 862 805 939 Caput
831 860 989 920 collo
1020 872 1380 929 sustentatur
1395 904 1412 932 ,
1442 873 1688 922 truncus
1723 861 2048 928 sustinetur
2069 880 2104 924 a
2129 863 2582 926 coxendicibus.

1448 961 1496 1015 L
1513 961 1574 1017 'X
1591 960 1672 1017 X.

610 1056 896 1127 Quaenam
920 1076 1039 1125 {ox
1066 1076 1139 1123 ex
1164 1068 1225 1117 te
1248 1074 1524 1123 resonans
1551 1076 1688 1118 meo
1713 1056 1902 1137 gradu
1929 1062 2222 1121 remorant
2247 1060 2388 1119 facit
2401 1061 2432 1117 ἓ

618 1154 648 1161 “
1410 1158 1465 1214 L
1480 1158 1542 1213 X
1562 1156 1622 1217 X
1640 1157 1688 1219 1.

610 1253 819 1333 Neque
845 1250 1079 1329 prodire
1108 1250 1173 1309 in
1200 1250 1386 1315 altum,
1409 1292 1428 1321 ‚
1453 1251 1704 1328 praeliari
1730 1252 1942 1329 procul
1969 1254 2082 1314 sub
2102 1255 2240 1315 vite.

1382 1351 1432 1405 L
1447 1350 1508 1405 X
1526 1352 1588 1407 X
1603 1352 1633 1409 I
1653 1352 1703 1406 1.
2204 1375 2209 1380 ·

606 1442 787 1516 Quod
807 1444 954 1503 mihi
976 1445 1361 1513 commodum
1382 1457 1472 1505 est
1489 1490 1506 1518 ‚
1527 1458 1632 1505 aut
1651 1446 1774 1506 uda
1791 1447 2136 1511 vestimenta
2155 1448 2574 1526 deposucxum.

1360 1546 1410 1601 L
1426 1546 1488 1603 X
1503 1547 1564 1601 X
1584 1548 1614 1601 1
1633 1548 1662 1601 Ι
1682 1547 1729 1601 Ι.

607 1638 759 1697 Mihi
784 1658 1019 1699 necesse
1044 1652 1131 1699 est
1152 1640 1358 1719 loqui:
1385 1661 1523 1701 uam
1547 1641 1670 1700 scio
1691 1642 1968 1719 Amyclas
1987 1642 2238 1706 tacendo
2260 1645 2526 1722 periisse.

1374 1742 1426 1796 L
1443 1744 1504 1805 X
1521 1742 1582 1796 X
1599 1744 1627 1800 Ι
1639 1743 1712 1796 V.

606 1834 851 1893 Homini
874 1836 1067 1895 amico
1094 1854 1162 1895 ac
1193 1836 1463 1893 familiari
1492 1857 1616 1899 nou
1641 1850 1730 1895 est
1755 1838 1994 1902 mentiri
2017 1858 2239 1899 meum.

1384 1938 1434 1992 L
1451 1936 1512 1993 X
1529 1937 1589 2001 X
1602 1938 1676 1994 V.

606 2032 771 2112 Quin
795 2031 1191 2111 amplexetur,
1220 2031 1329 2109 qui
1354 2031 1498 2091 velit
1515 2074 1531 2104 ,
1557 2052 1670 2111 ego
1697 2033 2026 2097 uminum
2047 2054 2144 2095 me
2167 2033 2529 2113 amplectier.

1369 2132 1421 2186 L
1439 2131 1501 2195 X
1519 2131 1578 2187 X
1592 2134 1644 2195 V
1657 2134 1708 2189 Ι.

605 2230 716 2286 Pro
744 2226 958 2285 obtuso
984 2246 1087 2285 ore
1111 2224 1315 2305 pugil,
1344 2226 1692 2303 piscinensis
1715 2246 1808 2291 res
1834 2240 1940 2285 est.

1349 2328 1398 2382 L
1415 2328 1476 2387 X
1493 2329 1616 2384 XV
1631 2329 1660 2387 1
1678 2328 1726 2383 Ι.

603 2423 761 2480 Tirei
785 2421 1063 2487 leontado
1086 2433 1147 2482 et
1170 2421 1414 2488 Pomani
1447 2435 1504 2480 et
1525 2422 1758 2492 thermo
1786 2423 2072 2488 Parnim‘e.

673 2577 680 2582 .
1248 2563 1253 2568 -
1326 2524 1375 2577 L
1395 2523 1456 2578 X
1473 2524 1535 2580 X
1547 2524 1600 2578 V
1614 2525 1646 2578 Ι
1661 2525 1690 2578 1
1709 2525 1757 2579 1.

604 2619 737 2688 Qua
758 2617 945 2675 facere
972 2616 1036 2682 id
1061 2617 1282 2696 poesia,
1312 2629 1576 2679 nostram
1603 2638 1768 2686 nunc
1792 2620 1992 2698 accipe
2018 2627 2308 2682 mentem.

1356 2718 1404 2771 L
1423 2719 1485 2779 X
1507 2719 1568 2774 X
1583 2719 1613 2774 1
1633 2719 1709 2780 X.

599 2810 849 2870 Pulchre
877 2811 1105 2878 invitati
1128 2831 1363 2883 sumus,
1389 2814 1736 2892 acceptique
1758 2813 2030 2894 benigue.

1389 2913 1440 2971 L
1457 2914 1516 2970 X
1533 2913 1594 2968 X
1610 2913 1690 2968 X.

610 3045 1027 3065 ...........
1058 3009 1133 3066 Et
1157 3019 1428 3066 ventrem
1454 3021 1514 3068 et
1539 3021 1844 3088 gutna-em
1867 3010 2166 3072 cumdem..

590 3187 675 3238 68.
699 3187 927 3238 Nonius:
956 3188 1205 3255 Repedare
1217 3222 1235 3246 ‚
1255 3187 1380 3254 pede
1403 3189 1494 3236 ite·
1649 3199 1736 3251 74.
1777 3190 2066 3238 Laetantius
2093 3223 2110 3249 ,
2149 3191 2322 3256 Instit.
2383 3191 2564 3242 Divin.

520 3282 647 3315 rare.
1572 3269 1663 3336 111).
1692 3258 1796 3329 VI,
1824 3288 1932 3336 cap.
1966 3273 2044 3318 18.
2413 3259 2416 3264 Ι

588 3350 676 3414 69.
705 3349 903 3400 Nonius
924 3367 935 3397 ε
968 3349 1269 3398 coxendicas
1282 3385 1300 3409 ‚
1326 3366 1490 3398 coxas.
1647 3353 1728 3412 75.
1746 3352 2058 3410 Priscianus,
2079 3351 2166 3399 lib.
2183 3353 2336 3399 vm:
2359 3352 2564 3418 Ample-

584 3445 668 3491 7ο.
711 3434 881 3478 Festus
911 3448 923 3478 :
961 3431 1297 3496 Remeligines
1338 3442 1389 3478 et
1419 3448 1496 3478 reb
1572 3441 1748 3487 κατα,
1776 3433 2158 3503 περιπλεκέσθω.

514 3527 665 3561 morae
676 3545 695 3570 ,
722 3527 752 3558 a
778 3512 1021 3562 morando
1050 3513 1195 3560 dictae
1223 3523 1360 3560 sunt.
1647 3508 1729 3567 76.
1757 3511 1960 3556 Festus:
1983 3509 2193 3559 Piscinae
2214 3506 2436 3577 publicae
2459 3508 2562 3559 ho·

588 3610 613 3655 7
628 3609 648 3640 1
662 3629 675 3642 .
708 3596 914 3641 Festus:
952 3595 1050 3640 Sub
1086 3593 1243 3640 vicem
1266 3589 1499 3654 praelazzri
1575 3589 1755 3656 dieque
1780 3605 1970 3638 nomen
1995 3599 2181 3640 mmet.

508 3669 755 3722 'dicuntur
798 3675 979 3722 milites
994 3708 1009 3733 ,
1042 3671 1161 3722 cum
1207 3671 1303 3720 sub
1344 3671 1494 3726 vinea
1649 3687 1733 3732 77.
1760 3670 1853 3718 Hie
1869 3672 2000 3718 Iocus
2008 3672 2164 3735 plane
2183 3668 2562 3718 inextricabilis.

513 3753 718 3802 militari
744 3763 993 3818 pugnant.
1247 3769 1251 3777 “
1415 3798 1420 3802 ,
1586 3779 1595 3789 -
1647 3754 1728 3814 78.
1756 3752 1928 3800 Acron
1945 3751 2002 3800 in
2017 3754 2193 3800 Horat.
2211 3751 2305 3805 lib.
2325 3754 2376 3810 Ι,
2395 3762 2486 3800 sat.
2511 3758 2562 3806 4.
2601 3767 2612 3775 “

587 3851 674 3895 72.
704 3837 933 3883 Donatus
966 3834 1023 3882 in
1060 3833 1263 3882 Phorm.
1288 3835 1490 3882 Terent.
1647 3849 1729 3895 79.
1775 3833 1974 3882 Nonius
1999 3850 2010 3880 :
2047 3831 2260 3890 Imitare
2277 3867 2296 3892 ‚
2329 3849 2427 3896 pro
2473 3848 2562 3880 re-

514 3925 606 3965 act.
635 3919 728 3975 IV,
748 3933 815 3964 sc.
844 3919 889 3964 3.
930 3909 932 3911 ’
1573 3911 1717 3979 pleri.

587 3997 672 4055 73.
715 3997 910 4044 Servius
938 4029 954 4055 ,
993 3996 1051 4044 in
1094 3999 1145 4044 X
1188 3983 1395 4044 Aeneid.
1433 3995 1498 4046 ad.
1651 3997 1733 4043 80.
1775 3995 1974 4046 Nonius
2002 4014 2018 4055 ς
2061 3995 2242 4045 Guttur
2285 3993 2564 4047 masculini

511 4073 641 4124 illud
649 4075 787 4144 Vix-g.
799 4077 865 4126 Ec
872 4073 1028 4127 tacitis
1040 4075 1496 4142 regnavitAmyclis.
1578 4077 1790 4142 generis.
