2775 4619
927 313 1543 417 CENTONEs·
2122 314 2255 419 hg

259 432 501 493 Inflarit
523 476 546 505 ,
573 434 789 495 fluctus
823 437 1102 509 erexerit,
1136 439 1528 518 extuleritque
1550 460 1568 496 ε

267 532 550 590 Flamina
579 552 688 591 nec
719 532 916 592 flando
945 548 1258 593 ventorum
1286 535 1435 594 suda
1452 535 1823 595 *secundeum
1924 598 1927 603 ,

258 630 490 689 Omnia
518 642 650 689 tum
678 631 833 690 endo
862 633 1008 691 mari
1030 632 1228 689 videas
1257 633 1515 691 fervente
1541 634 1779 693 micare.

262 730 482 785 Proras
505 722 830 808 despoliate
845 771 862 799 ,
880 749 951 787 ac
977 728 1297 789 detundete
1323 719 1625 807 guberna.

267 825 570 884 Tonsillas
601 845 844 905 quoque
874 826 1200 903 praevalidis
1230 827 1292 883 in
1322 828 1567 885 funibus
1594 840 1759 905 aptas
1778 872 1795 899 ,

264 922 584 998 Fluctibus
605 944 640 981 a
668 923 982 1001 ventisque¹
1001 924 1258 981 adversis
1288 926 1532 983 firmiter
1557 938 1625 981 ut
1652 927 1745 983 sit.

289 1054 869 1081 .............·
895 1064 1189 1079 ........
1209 1098 1216 1103 .
1217 1063 1591 1079 ..........
1625 1024 1803 1080 Tanti

269 1121 354 1178 Se
383 1118 741 1197 tempestatis
769 1132 1000 1178 montes
1030 1099 1105 1176 a'd
1136 1118 1324 1177 sidera
1353 1119 1591 1177 tollunt.

275 1212 656 1274 Armamenta
683 1229 878 1275 tamen
897 1260 914 1288 ‚
949 1216 1174 1275 malum
1199 1260 1216 1287 ‚
1246 1217 1374 1274 vela
1406 1218 1603 1274 omnia
1632 1236 1837 1276 servo:

273 1314 461 1373 Funis
487 1314 644 1371 enim
667 1314 933 1392 praecisu’
961 1314 1079 1371 cito
1096 1358 1114 1387 ,
1143 1326 1319 1392 atque
1347 1314 1605 1391 anquina
1633 1315 1825 1372 soluta
1845 1328 1950 1375 est.

204 1471 208 1475 ,
1132 1414 1192 1468 X
1210 1414 1238 1467 1
1261 1415 1304 1467 1.
1576 1410 1581 1415 ’
1973 1404 1979 1411 ’

271 1510 530 1572 Mantica
558 1506 820 1567 cantheri
836 1520 1036 1580 costas
1062 1509 1340 1587 gravitate
1367 1508 1670 1586 premebat
1686 1552 1703 1580 ,

281 1606 710 1669 Succussatoris
737 1607 910 1680 tetri,
943 1606 1212 1685 tardique
1245 1606 1475 1664 caballi.

276 1708 501 1763 Verum
525 1704 651 1761 haec
678 1703 857 1762 ludus
881 1705 1016 1762 ibus
1033 1748 1050 1776 ‚
1076 1722 1294 1781 susque
1319 1703 1514 1761 omnia
1539 1703 1733 1783 deque
1744 1704 1997 1765 'fuerunt
2016 1748 2034 1775 ‚
2097 1745 2101 1752 ·

280 1812 509 1881 Susque
532 1800 658 1861 haec
683 1801 875 1881 deque
898 1802 1064 1860 fuere
1079 1844 1094 1871 ‚
1118 1803 1362 1879 inquam
1376 1844 1393 1872 ,
1422 1802 1616 1859 omnia
1630 1846 1647 1871 ‚
1673 1802 1843 1859 ludu'
1855 1805 2144 1883 jocusque
2168 1827 2185 1866 ε

273 1900 428 1960 Illuc
457 1918 610 1979 opus
635 1898 857 1956 durum
879 1942 896 1971 ‚
927 1912 996 1957 ut
1022 1900 1292 1959 Setinum
1319 1900 1654 1957 accessimu’
1686 1898 1830 1957 fines
1851 1945 1870 1973 ‚

281 2000 532 2071 Αἷγίλιποι
563 2008 793 2055 montes
818 1998 1026 2054 Aetnae
1052 2016 1287 2066 omnes,
1315 1996 1537 2073 asperi,
1568 1996 1851 2058 Athones.

1106 2097 1169 2151 ‘X
1187 2097 1214 2157 I
1232 2096 1260 2149 1
1277 2096 1326 2151 1.

294 2234 791 2251 .............
801 2236 832 2271 Ι.
857 2234 872 2250 .
898 2236 911 2249 .
939 2236 952 2248 .
977 2235 992 2249 .
1017 2234 1032 2249 .
1058 2235 1071 2248 .
1108 2191 1215 2254 His
1241 2191 1435 2247 viscus
1462 2191 1735 2269 aprinum
1753 2235 1770 2263 ,

280 2290 387 2348 His
417 2290 624 2349 itidem
651 2290 713 2348 in
739 2309 905 2350 coena
935 2289 1102 2348 dabis
1132 2300 1320 2346 ostrea
1351 2288 1604 2347 millibu’
1630 2301 1869 2349 centum

278 2389 492 2467 Empta
522 2388 697 2466 (satis
724 2408 995 2468 magnam
1020 2407 1157 2445 nam
1183 2388 1465 2466 piscium,
1497 2399 1555 2445 et
1582 2386 1836 2446 altilium
1862 2386 1985 2448 vim

277 2483 624 2542 Interfecisti
641 2528 660 2556 ‚
693 2498 761 2543 ut
785 2479 1030 2562 video)i
1055 2477 1192 2555 χ’,ἵοςι
1224 2484 1441 2557 &uvis-m

279 2581 503 2639 Vinum
534 2582 810 2648 defusum
838 2603 871 2640 e
903 2583 1080 2661 pleno
1114 2583 1278 2640 dabit
1305 2585 1668 2661 oenophoro,
1694 2585 1793 2640 cui

283 2678 383 2737 Nil
409 2678 664 2759 dempsit
689 2679 782 2738 hir
797 2721 815 2750 ‚
841 2690 900 2736 et
922 2679 1021 2738 cui
1043 2681 1312 2738 sacculus
1338 2679 1648 2738 abstulerit
1671 2680 1779 2738 nil.

923 2844 926 2850 ,
1112 2779 1172 2842 Χ,
1192 2779 1220 2832 1
1239 2779 1311 2834 v.

291 2917 466 2932 .....
465 2885 475 2891 ”
494 2918 507 2930 .
534 2917 547 2930 .
573 2915 588 2930 .
613 2915 627 2930 .
653 2916 666 2928 .
692 2916 706 2930 .
733 2917 746 2930 .
771 2915 786 2931 .
813 2917 827 2931 .
853 2916 907 2931 ..
935 2877 1084 2932 Nam
1114 2874 1437 2952 sumptibu’
1467 2875 1693 2953 magnis

278 2971 572 3048 Ampliter
596 2982 952 3030 exstructam
979 2971 1156 3030 simul
1182 2983 1360 3049 atque
1386 2971 1782 3030 accumbimu’
1810 2991 2101 3047 mensam,
2171 3023 2178 3032 .

278 3069 464 3126 Malas
491 3065 760 3127 tollimus
789 3070 925 3129 hinc
953 3070 1153 3128 ambas
1171 3112 1188 3140 ‚
1221 3080 1402 3146 atque
1430 3069 1641 3126 utimu’
1670 3069 1843 3128 rictu.

273 3166 525 3226 Pulchre
557 3167 784 3224 invitati
809 3169 984 3226 nimis
1003 3212 1020 3240 ‚
1053 3166 1397 3252 acceptique
1428 3167 1701 3244 benigne.

279 3265 546 3322 Vertitur
573 3264 910 3342 oenophoris
937 3265 1161 3324 fundus
1181 3307 1198 3334 ,
1230 3253 1515 3341 sententia
1544 3263 1735 3321 nobis.

278 3359 446 3421 Idem
471 3361 653 3439 epulo
681 3362 849 3421 cibus
869 3405 886 3433 ,
911 3375 1089 3440 atque
1121 3361 1314 3439 epulae
1339 3361 1501 3422 Jovis
1524 3356 1962 3438 omnipotentis.

1127 3463 1189 3518 X
1205 3462 1280 3517 V.
1482 3517 1486 3522 .

291 3601 1026 3620 ...................
1055 3555 1217 3628 Quid
1240 3557 1391 3634 ego?
1414 3555 1592 3614 simul
1618 3569 1804 3616 ostrea
1826 3577 2001 3618 cerno
2016 3601 2033 3631 ,

280 3663 416 3719 Non
439 3642 638 3718 nori’m
655 3657 818 3716 fluvii
847 3656 1058 3715 limum
1078 3697 1094 3725 ,
1123 3673 1454 3720 acvcoenum
1478 3673 1679 3732 sapere
1702 3653 1899 3732 ipsum
1918 3656 1945 3711 Ξ*

280 3757 506 3836 Rugosi
525 3799 542 3828 ,
574 3755 845 3834 passique
874 3773 1040 3814 senes
1067 3751 1274 3812 eadem
1301 3752 1498 3810 omnia
1524 3764 1800 3829 quaerunt
1816 3794 1833 3822 ,

277 3856 358 3922 Hi
383 3875 536 3934 quos
563 3853 778 3912 divitiae
803 3853 1147 3932 producunt
1165 3893 1182 3923 ,
1214 3863 1278 3910 et‘
1301 3861 1480 3931 caput
1506 3861 1739 3929 ungunt

1794 3969 1830 4010 2
1847 3970 1873 4012 ι
