2775 4619
545 439 666 506 ¹70

1059 421 1138 481 A.
1185 413 1564 480 PERSII
1628 413 2011 480 FLACCI

621 548 742 607 Ast
764 553 951 605 vocat
983 539 1310 604 officium:
1343 541 1527 604 trabe
1552 541 1780 629 rupta,
1815 539 2069 604 Bruttia
2096 561 2245 602 saxa

624 657 895 722 Prendit
919 657 1168 722 amicus
1197 657 1387 746 inops
1406 705 1423 740 ,
1448 677 1721 746 remque
1753 670 2049 738 omnem3
2077 654 2405 744 surdaque
2424 671 2579 721 vota

629 771 940 837 Condidit
968 772 1161 838 Ionio
1183 795 1202 854 3
1223 775 1394 860 jacet
1419 773 1557 862 ipse
1593 773 1665 836 in
1698 772 1919 836 littore
1942 819 1959 854 ,
1989 785 2053 836 et
2086 793 2221 836 una

626 889 930 978 Ingentes
959 886 1040 952 de
1067 909 1289 977 puppe
1319 887 1445 952 Dei
1465 910 1483 970 3
1507 888 1769 976 jamque
1800 886 1993 951 obvia
2023 885 2263 976 mergis
2512 893 2575 947 3ο

537 1094 712 1136 metus
733 1080 1013 1153 egestatis?
1032 1099 1154 1152 quas
1173 1077 1478 1134 diffidentia
1491 1079 1517 1131 Ρ

538 1166 668 1226 oiim
700 1176 793 1215 tua
827 1161 1068 1234 granaria
1103 1161 1373 1233 segetibus
1406 1161 1516 1214 sint

538 1244 739 1295 referta
757 1242 861 1293 3⁸-
886 1248 1036 1294 Occa.
1073 1243 1281 1295 Labora
1301 1279 1318 1306 ‚
1351 1254 1516 1312 atque

539 1324 747 1378 interea
765 1326 910 1376 certa
922 1321 1118 1376 fruaris
1136 1341 1232 1394 spe
1246 1360 1263 1386 ‚
1281 1340 1397 1374 non
1417 1320 1513 1374 de·

461 1447 472 1457 .
539 1405 662 1458 sore
678 1404 947 1458 laboranti
977 1401 1131 1476 quod
1161 1405 1416 1457 futurum
1445 1403 1517 1456 sit

537 1485 664 1537 satis
685 1503 702 1550 ς
727 1484 982 1542 ῃειιιι,ῑὶῑ)ἱ
998 1487 1109 1555 jam
1135 1483 1372 1537 secunda
1393 1503 1517 1534 mes-

535 1568 600 1615 sis
626 1566 676 1614 in
704 1567 858 1614 herba
884 1577 972 1614 cst.
988 1595 1060 1603 —
1079 1569 1224 1615 Occa.
1251 1562 1481 1634 Proprie
1498 1601 1516 1628 ‚

541 1645 726 1716 ligone
750 1644 931 1715 glebas
959 1644 1160 1715 frange.
1180 1644 1244 1697 C.

613 1743 700 1795 27.
727 1731 816 1775 Ast
830 1739 987 1776 ‘vocat
1007 1723 1267 1796 officium.]
1297 1725 1363 1775 In
1383 1741 1520 1794 prae·

538 1805 878 1866 cedentibus,
891 1805 1105 1856 bonum
1127 1823 1290 1856 usum
1305 1803 1519 1857 divitia-

537 1905 665 1940 rum
687 1884 944 1938 ostendit.
962 1885 1257 1957 Praecepit,
1279 1896 1342 1936 ut
1369 1884 1521 1956 quis·

540 1986 650 2040 que
678 1967 876 2038 opibus
905 1968 1016 2020 suis
1042 1967 1342 2021 liberaliter
1370 1967 1520 2018 frue-

538 2061 723 2107 retur,
747 2048 882 2101 κατὰ
905 2050 992 2106 τὴν
1017 2051 1210 2113 οὐσίαν,
1233 2062 1286 2100 et
1311 2067 1382 2100 ex
1400 2067 1523 2118 pro-

537 2141 712 2179 ventu
726 2145 910 2178 annuo
923 2127 1138 2180 sibimet
1152 2124 1493 2197 indulgendo
1504 2163 1521 2189 ‚

539 2220 594 2259 et
613 2207 800 2259 amicis
827 2207 1106 2280 largiendo
1131 2227 1143 2258 t
1174 2226 1324 2260 nunc
1351 2206 1421 2259 de
1448 2207 1523 2258 al-

537 2296 656 2337 tero
681 2302 853 2355 opum
891 2303 997 2337 usu
1035 2283 1288 2357 loquitur
1303 2322 1320 2349 ‚
1355 2302 1523 2355 quem

515 2414 519 2419 .
540 2364 737 2417 definit
761 2366 1078 2418 necessitate
1096 2402 1112 2429 ‚
1141 2377 1195 2417 et
1222 2366 1523 2417 calamitate

538 2447 904 2518 inexspectata
927 2448 1084 2499 amici
1107 2448 1310 2519 egentis
1328 2483 1344 2510 ‚
1366 2449 1523 2516 cujus

537 2528 709 2600 gratia
745 2530 908 2581 etiam
949 2528 1153 2600 praedia
1196 2528 1317 2582 vult
1357 2527 1526 2582 vendi

539 2617 595 2657 et
619 2624 736 2657 rem
756 2618 966 2677 partam
989 2605 1261 2657 imminui.
1282 2607 1379 2657 Ast
1395 2644 1411 2663 ,
1436 2606 1519 2657 in-

541 2687 664 2757 quit
678 2724 694 2750 ‚
717 2686 964 2740 officium
984 2687 1231 2741 amicitiae
1255 2701 1309 2740 et
1328 2689 1521 2740 huma-

537 2768 727 2820 nitatis
738 2788 825 2821 me
839 2781 1012 2833 vocat,
1027 2768 1228 2841 opibus
1243 2768 1376 2820 meis
1391 2768 1523 2819 frui-

541 2861 631 2901 tus
655 2868 777 2901 sum
800 2869 868 2902 ex
885 2864 1162 2921 proventu
1191 2866 1374 2901 annuo
1394 2886 1410 2913 ,
1434 2861 1489 2900 et
1506 2884 1524 2911 ‚

519 2946 688 2984 vxanno
715 2928 874 2981 finito
895 2967 911 2993 ‚
939 2930 1077 2981 nihil
1116 2928 1252 2981 mihi
1283 2939 1527 2998 superest

541 3006 612 3060 de
628 3006 807 3060 reditu
825 3047 841 3072 ‚
864 3028 976 3081 quo
990 3010 1120 3062 huic
1222 3008 1305 3061 ico
1325 3009 1526 3080 possim

537 3088 818 3159 opitulari.
841 3090 925 3141 En
945 3128 960 3155 ,
987 3092 1146 3142 sibim
1228 3088 1529 3161 respondet

541 3165 760 3218 Persius
779 3204 794 3229 ‚
817 3168 1154 3223 occasionem
1175 3168 1410 3221 oblatam
1433 3168 1525 3219 be-

540 3246 851 3300 nefaciendi
879 3290 894 3310 ‚
919 3250 1027 3320 *mi
1072 3254 1158 3301 τοῦ
1213 3254 1482 3321 εὐεργετεῖν·
1506 3287 1524 3313 ,

527 3328 718 3395 frange
741 3327 940 3393 aliquid
955 3330 1016 3378 de
1038 3332 1212 3396 cespite
1228 3332 1360 3380 vivo.
1383 3328 1527 3393 Qui-

543 3404 670 3459 dam
695 3405 788 3457 hic
817 3403 1093 3477 dialogum
1131 3410 1275 3461 inter
1303 3426 1527 3463 avarum

542 3498 598 3538 et
620 3484 866 3538 Persium
890 3486 1103 3539 institui
1120 3489 1316 3541 volunt
1335 3526 1351 3553 ‚
1374 3489 1531 3560 quasi

543 3584 736 3628 avarus
763 3565 832 3619 ad
847 3568 969 3620 haec
987 3606 1004 3632 ‚
1037 3587 1158 3640 qun
1183 3582 1340 3621 antea
1366 3574 1531 3640 poeta

545 3646 616 3699 de
657 3648 868 3701 liberali
914 3664 1087 3721 opum
1131 3664 1236 3701 usu
1286 3649 1529 3715 dixerat,

437 3760 450 3777 2
541 3729 823 3787 avaritiam
843 3747 996 3784 suam
1017 3732 1122 3783 sub
1141 3732 1322 3803 specie
1339 3732 1530 3783 huma·

1594 1091 1702 1134 set:
1721 1095 1800 1130 ast
1814 1099 1890 1130 me
1906 1094 2063 1130 vocae
2077 1079 2316 1150 officium,
2334 1093 2426 1131 etc.
2442 1081 2577 1144 Qua}

1594 1161 1821 1214 minime
1859 1161 2157 1214 necessaria
2194 1174 2276 1212 est
2296 1159 2416 1228 ⁴ista
2450 1179 2581 1230 per-

1596 1257 1852 1294 sonarum
1892 1241 2214 1313 suppositio.
2246 1241 2585 1313 Simpliciter

1595 1341 1725 1395 ergo
1763 1335 1817 1375 et
1856 1322 2222 1395 objectionem
2262 1334 2316 1374 et
2352 1341 2585 1394 respon-

1596 1425 1718 1458 sum
1735 1406 1793 1458 in
1814 1423 1909 1458 ore
1926 1410 2105 1476 poetae
2124 1403 2493 1476 reposuimus.
2515 1405 2579 1455 A.

1595 1518 1667 1526 —-
1687 1489 1841 1537 Trabe
1866 1485 2029 1552 ruptd.
2062 1483 2333 1536 Describit
2362 1483 2585 1535 naufra-
2628 1535 2635 1540 ,

1597 1565 1748 1637 gium
1763 1565 1817 1616 in
1840 1565 1983 1617 freto
2004 1561 2217 1616 Siciliae.
2234 1561 2384 1616 Nave
2397 1565 2585 1635 rupta,

1598 1649 1821 1720 inquit,
1849 1641 2057 1698 amicus
2084 1645 2273 1715 inops,
2302 1656 2405 1696 etc.

1673 1747 1759 1799 28.
1786 1745 1994 1796 Prendit
2009 1741 2253 1812 (Bruttia
2276 1743 2433 1810 saxa)
2458 1743 2590 1792 ami-

1599 1846 1683 1876 cus
1704 1824 1875 1894 inops]
1907 1825 1990 1876 En
2012 1859 2029 1887 ,
2054 1834 2181 1894 post
2201 1821 2547 1892 naufragium
2568 1859 2589 1886 ‚

1600 1906 1804 1958 amicus
1837 1905 1999 1976 inops
2024 1923 2040 1970 3
2076 1915 2295 1956 enatans
2326 1903 2495 1955 evasit
2525 1903 2589 1954 in

1599 1986 1782 2037 littora
1806 1985 2146 2036 Brutiorum.
2172 1982 2437 2054 Virgilius
2450 2019 2469 2046 ‚
2486 1982 2591 2034 Ae-

1604 2064 1751 2117 neid.
1780 2064 1890 2128 VI,
1914 2061 1981 2116 de
2003 2063 2265 2116 Palinuro
2286 2083 2300 2116 τ

1605 2173 1995 2230 Prensantemque
2022 2166 2155 2217 uncis
2187 2169 2401 2216 manibus
2434 2169 2591 2231 capita

1682 2277 1688 2286 .
1726 2241 1869 2286 ardun
1885 2240 2091 2286 montis.-

1602 2368 1673 2380 --
1688 2340 1945 2405 Surdaque
1969 2351 2113 2388 vota.
2137 2336 2210 2389 Et
2238 2354 2365 2389 cum
2388 2336 2586 2406 opibus

1604 2420 1661 2471 in
1692 2436 1837 2470 mare
1865 2416 2117 2470 condidit
2141 2436 2231 2469 sua
2262 2428 2389 2469 vota
2417 2434 2448 2468 a
2472 2416 2590 2467 Diis

1605 2502 1809 2571 rejecta
1829 2538 1846 2563 ‚
1885 2518 2001 2551 non
2048 2496 2307 2551 exaudita
2329 2536 2347 2561 ,
2388 2498 2589 2568 quibus

1606 2580 1697 2632 Dii
1725 2577 1877 2631 surdi
1908 2579 2156 2631 fuerunt.
2175 2610 2246 2619 —-
2264 2580 2422 2629 Ionio.
2448 2578 2591 2631 Sub·

1600 2659 1826 2713 auditur
1852 2659 2005 2711 mari.

1679 2775 1743 2825 29
1752 2794 1762 2806 .
1782 2760 1847 2806 Ee
1858 2775 1959 2805 una
1976 2757 2190 2823 ingentes
2201 2758 2265 2805 de
2270 2774 2440 2821 puppe
2453 2753 2579 2821 Dat]

1606 2836 1676 2888 Et
1693 2854 1821 2887 cum
1852 2852 1917 2887 eo
1940 2835 2119 2905 jacent
2144 2834 2235 2885 Dii
2266 2834 2419 2886 navis
2449 2846 2589 2884 tute-

1605 2918 1757 2979 lareS,
1771 2914 1933 2968 ablati
1950 2914 2018 2967 de
2034 2929 2248 2985 puppe,
2262 2912 2585 2983 quos‚homo

1606 2999 1942 3069 pius‚secum
1956 2994 2101 3047 tulit.
2118 2995 2189 3045 In
2204 3012 2400 3065 puppe
2414 3006 2585 3045 autem

1607 3078 1900 3129 sacrarium
1940 3074 2149 3139 fuisse,
2188 3092 2303 3145 quo
2348 3074 2584 3125 Deorum

1606 3158 1863 3230 imagines
1902 3169 1958 3210 et
2004 3156 2291 3208 simulacra
2328 3152 2584 3207 reconde-

1607 3251 1800 3291 rentur
1837 3238 1896 3289 in
1933 3237 2163 3291 tutelam
2202 3234 2395 3301 naviS,
2422 3232 2586 3286 omni·

1606 3320 1711 3373 bus
1754 3330 1968 3372 notum.
2000 3320 2066 3370 A.

1681 3412 1767 3464 3ο.
1802 3416 2014 3477 Jamque
2052 3412 2196 3461 obvia
2236 3413 2444 3479 mergis,
2471 3410 2587 3475 eta]

1609 3494 1841 3562 Jamque
1870 3492 2022 3542 navis
2050 3488 2321 3542 diffracta
2342 3489 2488 3561 ligna
2504 3528 2519 3553 ‚
2539 3500 2586 3539 et

1610 3572 1787 3626 trabes
1810 3589 1976 3643 super
1994 3586 2143 3623 mare
2166 3569 2445 3623 fluitantia
2463 3607 2478 3633 ,
2498 3568 2582 3621 ob-

1610 3653 1699 3706 via
1718 3654 1973 3705 feruntur
1992 3650 2215 3703 marinis
2235 3650 2431 3703 avibus
2449 3649 2513 3701 ad
2533 3664 2582 3699 ea

1612 3732 1988 3786 advolantibus
2008 3768 2025 3797 ,
2066 3730 2131 3783 ui:
2178 3728 2312 3783 inde
2359 3729 2583 3801 praedam

545 3808 733 3863 nitatis
747 3812 1082 3883 praetexendi
1103 3816 1260 3867 causa
1273 3850 1288 3879 ,
1306 3810 1536 3885 objecis-
1614 3825 1853 3886 captent.

547 4007 652 4045 vet.
683 3999 960 4053 Britannici
983 4038 999 4067 ‚
1035 4014 1087 4055 ct
1122 4005 1392 4056 nonnullae
1436 4004 1556 4055 edit.
1594 4004 1900 4055 recentiores
1933 4003 2124 4054 babent
2156 4021 2218 4053 en
2249 4020 2345 4070 pro
2372 4014 2423 4052 ct
2432 4020 2459 4061 ,·
2488 4013 2576 4049 non

551 4076 680 4125 male
697 4111 715 4140 ,
741 4089 889 4129 certe.
