2775 4619
614 478 735 543 180

1113 479 1191 543 A.
1254 478 1630 545 PERSII
1693 480 2078 548 FLACCI

673 601 853 688 Quid
876 601 1205 691 reliquum
1236 602 1375 669 est?
1400 605 1778 693 Reliquum!
1804 607 1867 671 N
1871 629 2034 687 unc,
2059 629 2236 671 nune
2257 608 2634 699 impensius

848 740 1055 807 unge,

672 832 891 923 Unge,
925 855 1124 922 puer,
1156 834 1390 899 cauleS.
1420 834 1592 899 Mihi
1625 834 1785 900 festa
1813 836 1960 901 luce
1993 854 2314 927 coquatur

671 947 927 1028 Urtica,
966 962 1032 1011 et
1066 946 1210 1011 fissa
1244 947 1576 1015 fumosum
1611 950 1894 1038 sinciput
1929 974 2130 1035 aure;

2550 980 2624 1033 70

667 1064 757 1127 Ut
792 1079 943 1126 tuus
977 1062 1097 1126 iste
1132 1085 1332 1151 nepos
1366 1064 1527 1128 olim
1561 1080 1738 1129 satur
1767 1066 2006 1130 anseris
2040 1067 2233 1149 exti5‚

576 1269 694 1341 Ego
706 1286 865 1334 vero,
887 1267 958 1321 ita
977 1266 1117 1323 hanc
1132 1262 1405 1339 phrasim
1390 1276 1554 1319 mter-

573 1362 801 1423 pretor:
833 1367 959 1401 cum
946 1340 1351 1401 hereditatem
1378 1366 1555 1399 meam

572 1430 877 1503 possidebis
916 1430 1041 1482 vive
1082 1426 1144 1482 ut
1185 1430 1378 1483 voles·
1421 1429 1556 1480 hine

571 1513 735 1566 fenus
768 1525 955 1583 augeat
997 1510 1214 1564 divitias
1252 1524 1370 1562 tuas
1391 1548 1408 1574 ,
1441 1512 1558 1569 hiric

572 1596 765 1653 exime,
799 1593 962 1656 tolle,
992 1592 1145 1644 auser
1184 1603 1436 1661 sumptus
1470 1590 1555 1641 ni-

570 1672 709 1726 mios
722 1711 740 1737 ‚
760 1685 814 1725 et
835 1671 985 1725 dives
1005 1673 1125 1725 eris.
1146 1671 1414 1724 Nonnulli
1433 1672 1552 1722 haee

568 1753 769 1807 volunt
804 1752 912 1805 dici
949 1752 1019 1805 ah
1052 1770 1209 1805 avaro
1234 1749 1552 1821 heredipeta

562 1833 784 1905 parenti
810 1852 911 1885 suo
931 1832 1207 1885 avaritiam
1232 1830 1482 1883 suadenti
1499 1844 1554 1883 et

570 1912 807 1966 dicenti:
834 1930 950 1964 rem
987 1911 1177 1964 fenore
1214 1909 1434 1983 duplica
1453 1948 1470 1974 ,
1501 1924 1556 1963 et

570 1994 749 2046 exime
766 1986 1019 2062 sumptus
1035 2003 1161 2042 tuos
1174 2028 1191 2056 ,
1206 2002 1268 2042 ut
1279 1990 1558 2041 bonorum

568 2086 799 2128 tuorum
819 2075 990 2144 major
1008 2090 1133 2142 pars
1166 2071 1375 2124 eveniat
1395 2070 1554 2123 mihi.

568 2153 739 2218 Male,
758 2171 884 2205 meo
907 2150 1137 2224 judicio.
1168 2152 1229 2202 A.

641 2234 731 2287 68.
767 2235 900 2299 Quid
920 2235 1163 2299 reliquum
1191 2232 1335 2303 est?]
1362 2232 1557 2303 Inquit

490 2369 499 2378 ,
568 2333 783 2369 avarus.
836 2311 1132 2380 Quomodo
1184 2332 1302 2366 rem
1357 2332 1553 2384 augere

569 2395 795 2468 possim,
806 2396 934 2446 cum
951 2393 1087 2444 nihil
1102 2392 1235 2444 mihi
1250 2392 1556 2464 relinquas?

574 2482 827 2530 Commeat
849 2477 1184 2526 vaula-vous
1208 2493 1305 2540 que
1320 2478 1380 2542 je
1406 2477 1556 2524 m’en-

573 2561 771 2609 richisse
796 2572 847 2608 et
862 2575 965 2622 par
988 2559 1037 2606 le
1060 2564 1331 2606 'commerce
1344 2593 1361 2615 ,
1389 2569 1441 2605 et
1455 2575 1557 2622 par

572 2639 886 2696 I’Aconomie,
917 2638 960 2686 si
996 2655 1123 2686 vous
1166 2655 1229 2685 ne
1270 2653 1355 2686 me
1386 2637 1557 2686 Iaissez

574 2721 718 2769 rien?
740 2713 998 2768 Ostendit
1032 2718 1198 2786 quam
1233 2715 1302 2766 sit
1328 2712 1556 2766 aviditas

573 2798 819 2872 pecuniae
846 2835 863 2860 ‚
896 2797 1098 2848 vitium
1144 2795 1457 2848 insanabile.
1483 2827 1557 2836 --

573 2883 864 2945 Reliquum!
889 2877 1008 2929 Hoc
1036 2894 1162 2928 cum
1190 2894 1381 2946 magna
1409 2873 1556 2929 indi-

576 2959 833 3032 gnatione
846 2955 1155 3028 legendum.
1168 2959 1418 3006 Commeat
1428 2957 1559 3006 rien!

578 3043 753 3090 Allons
761 3076 777 3098 ‚
791 3039 1009 3104 censurias,
1030 3039 1188 3088 ullons
1200 3050 1291 3086 ete.
1305 3037 1417 3106 Age
1429 3073 1447 3099 ‚
1460 3036 1558 3087 he-

578 3139 689 3183 res,
702 3118 961 3190 ‘deinceps
974 3135 1159 3170 curam
1173 3117 1316 3170 hane
1330 3117 1562 3170 eximam

581 3199 936 3251 tibi.-Nunc
947 3236 964 3258 ‚
991 3217 1121 3249 nunc
1139 3199 1397 3264 impensius
1417 3215 1560 3262 unge.

581 3276 821 3344 Quando
847 3275 1009 3330 video
1034 3276 1247 3330 divitias
1272 3293 1419 3328 meas
1441 3277 1564 3346 plu-

584 3358 662 3411 ris
676 3377 704 3409 a
722 3369 775 3409 te
786 3354 907 3409 fieri
924 3361 1087 3426 quam
1102 3373 1339 3408 amorem
1356 3373 1562 3420 meum,

584 3436 726 3492 nihil
770 3435 1001 3508 impedit
1053 3435 1191 3507 quin
1244 3435 1464 3506 largiter
1507 3447 1566 3486 et

591 3515 880 3570 commode
902 3517 1104 3569 vivam.
1133 3518 1199 3568 A.

664 3591 753 3658 69.
780 3593 939 3656 Unge,
951 3607 1107 3656 puer,
1128 3589 1325 3654 caules]
1346 3591 1562 3666 Ungue,

1631 1264 1722 1320 hic
1745 1260 2066 1322 Grecorum
2087 1268 2324 1323 λιπαίνειν
2339 1306 2352 1328 ,
2379 1283 2446 1324 ut
2467 1272 2623 1342 ἐλαίῳ

1629 1350 1867 1401 λιπαίνειν
1877 1352 2058 1419 μᾶζαν,
2073 1348 2222 1420 apud
2231 1351 2544 1421 Synesium·
2557 1353 2625 1404 C.

1633 1456 1705 1467 -
1725 1431 1907 1479 caules.
1928 1426 2120 1480 Posuit
2143 1433 2305 1479 caules
2317 1468 2334 1489 ,
2350 1446 2457 1499 pro
2477 1445 2626 1499 quo·

1634 1506 1716 1559 vis
1743 1506 1948 1560 edulio.
1969 1506 2158 1561 Horat.
2182 1508 2277 1560 lib.
2299 1509 2358 1561 11
2377 1547 2394 1572 ‚
2421 1522 2528 1571 sat,
2549 1510 2583 1560 3
2604 1529 2619 1559 ε

1633 1596 1818 1657 Unger-e
1845 1596 1886 1641 si
1913 1596 2063 1642 mules
2093 1596 2200 1642 oleo
2225 1596 2418 1643 meliore
2447 1606 2626 1658 eaput-

1631 1683 1850 1799 Οωρεᾚιεῗ
1881 1770 2404 1785 ............
2437 1742 2492 1787 Ρ.

1634 1856 1706 1867 --
1723 1828 1847 1877 Mihi
1862 1828 2002 1893 festd
2041 1830 2150 1878 luce
2185 1843 2444 1895 coquatur.
2483 1827 2625 1881 Scil.

1636 1906 1771 1958 mihi
1791 1905 2061 1977 praediviti
2079 1904 2252 1960 urtica
2271 1921 2592 1979 apponetur
2607 1946 2628 1973 ,

1637 1984 1840 2038 durum
1857 1999 1912 2039 et
1929 2002 2134 2057 agreste
2149 1989 2270 2041 olus
2282 2026 2299 2051 ‚
2317 2000 2370 2039 et
2389 1988 2631 2059 quidem

1637 2064 1724 2118 die
1737 2066 1898 2130 festo,
1909 2068 2040 2119 meis
2053 2068 2343 2130 natalibus,
2355 2080 2408 2119 et
2423 2069 2634 2139 exigua

1637 2148 1820 2219 portio
1831 2148 2044 2219 poreini
2061 2150 2268 2220 capitis,
2277 2150 2334 2201 in
2350 2152 2510 2202 fumo
2525 2170 2631 2221 per

1639 2247 1824 2281 aurem
1860 2230 2188 2300 perforatam
2225 2230 2471 2301 suspensi
2503 2268 2522 2293 ‚
2563 2244 2633 2283 ut

1632 2308 1779 2362 filius
1797 2323 1924 2363 tuus
1941 2309 2220 2363 abdomini
2243 2327 2342 2363 suo
2363 2324 2416 2363 et
2430 2313 2628 2365 ventri

1635 2389 1872 2442 serviens
1883 2428 1899 2453 ‚
1915 2402 2000 2442 etc
2015 2389 2038 2440 Ρ
2051 2408 2164 2442 non
2183 2390 2259 2442 ita
2273 2409 2399 2442 sane
2413 2391 2544 2442 erit.
2559 2393 2627 2442 A.

1708 2487 1797 2540 70.
1844 2473 2046 2538 Unica]
2085 2469 2265 2522 Herba
2301 2469 2422 2522 vilis
2443 2507 2461 2534 ,
2497 2471 2631 2522 satis

1633 2562 1784 2602 nota.
1797 2555 1948 2599 -'-Et
1971 2552 2098 2621 fissa
2122 2551 2376 2616 furnosum
2413 2552 2638 2617 sinciput

1633 2648 1772 2678 aure.
1785 2628 1984 2681 Porcin
1991 2647 2086 2680 nm
2103 2627 2370 2681 videlicet.
2385 2631 2631 2695 Sincipuc.

1635 2709 1763 2761 Pars
1795 2710 2032 2762 anterior
2061 2709 2268 2780 capitis.
2300 2712 2365 2762 In
2403 2710 2632 2762 satirico

1633 2789 1840 2842 Arbitri
1859 2809 1872 2841 τ
1897 2793 2052 2842 Simul
2057 2810 2284 2858 pannum
2305 2794 2368 2841 de
2385 2795 2630 2844 carnario

1635 2873 1811 2922 detulit
1827 2871 1986 2938 furca
1999 2908 2016 2931 ,
2040 2874 2092 2922 in
2129 2890 2227 2937 quo
2246 2871 2383 2938 saba
2414 2886 2532 2920 erat
2559 2873 2635 2920 ad

1640 2970 1776 3001 usum
1797 2954 2005 3016 reposita
2018 2989 2035 3011 ,
2065 2965 2116 3001 et
2137 2952 2369 3017 sincipitis
2394 2953 2634 3002 ‘vetustis-

1637 3034 1760 3082 sima
1778 3033 2031 3097 particula
2045 3070 2062 3091 ‚
2093 3034 2226 3082 mille
2242 3033 2410 3098 plagis
2435 3035 2630 3082 delata.

1639 3113 1772 3165 Mox
1792 3131 1806 3162 ε
1831 3117 1962 3163 Dum
1979 3115 2068 3163 illa
2092 3113 2255 3162 carnis
2277 3114 2430 3162 etiam
2439 3115 2634 3178 paulu-

1641 3193 1742 3240 lum
1767 3192 1982 3248 delibat,
2009 3203 2060 3239 et
2093 3191 2348 3254 cooequale
2384 3192 2632 3238 natalium.

1639 3289 1836 3320 suorum
1860 3271 2072 3336 sinciput
2093 3272 2143 3320 in
2171 3270 2462 3320 carnarium
2465 3269 2632 3335 fiat-ca

1643 3348 1864 3412 reponit,
1881 3346 2062 3411 fracta
2089 3360 2162 3395 est
2177 3348 2334 3412 putris
2359 3348 2496 3396 sella.
2525 3346 2592 3398 C.

1717 3443 1801 3495 71.
1839 3429 1902 3476 Ut
1927 3439 2036 3476 ttius
2071 3428 2157 3475 iste
2191 3428 2376 3491 nepos.]
2404 3424 2591 3496 Nepos
2610 3460 2631 3487 ,

1643 3505 1895 3584 ambigue
1923 3517 1978 3558 et
2007 3504 2288 3576 ingeniose
2317 3502 2470 3556 dixit.
2491 3504 2632 3556 Nam

1644 3603 1816 3656 nepos
1835 3583 2103 3656 significat
2123 3603 2294 3636 unum
2315 3603 2346 3636 e
2367 3584 2632 3656 posteris,

661 3772 725 3818 V.
752 3768 837 3816 68.
865 3763 1039 3822 Nunc,
1068 3781 1200 3812 nunc
1231 3763 1491 3831 impensius
1521 3780 1664 3829 unge.
1687 3763 1913 3814 colbert.
1943 3766 1968 3811 1
2002 3773 2052 3811 et
2081 3765 2156 3812 111
2187 3763 2429 3811 Manrin.
2463 3780 2630 3822 nunc,

594 3864 727 3897 nunc
740 3845 1063 3914 jampensius
1090 3860 1229 3909 unge.
1251 3843 1376 3892 Cod.
1397 3852 1568 3891 noster
1589 3853 1639 3890 et
1665 3840 1786 3905 alii,
1809 3841 1974 3904 nunc,
2004 3859 2136 3890 nunc
2162 3841 2436 3906 impensius.

668 3957 735 4001 V.
762 3951 847 4015 69.
875 3951 1136 4013 coquatur.
1164 3948 1325 3998 codd.
1348 3961 1550 4008 omnes,
1578 3951 1840 4008 Puteano,
1867 3947 2072 3998 Colbert
2103 3949 2214 4008 111,
2243 3957 2293 3994 et
2327 3947 2494 3996 tribus
2526 3949 2640 3997 aliis

602 4034 844 4099 exceptis,
858 4031 1047 4080 habent
1064 4041 1312 4094 coquetur.
1330 4029 1458 4078 Cod.
1477 4045 1682 4094 quoque
1701 4040 1894 4090 noster,
1913 4040 2155 4092 coquatur
2166 4063 2184 4086 ,
2203 4045 2354 4093 quam
2365 4030 2637 4078 lectionem

594 4115 946 4191 praetglimus,
974 4121 1151 4184 utpote
1172 4127 1285 4178 quae
1310 4111 1466 4176 magis
1491 4109 1766 4161 concordet
1789 4127 1908 4162 enm
1933 4109 2112 4168 ordine
2137 4125 2196 4159 ae
2221 4110 2346 4159 serie
2370 4110 2588 4176 phrasis.

1647 4311 1682 4332 0
