2775 4619
776 391 781 395 ’
840 420 891 518 s
908 423 965 486 A
978 417 1035 484 'r
1056 423 1088 486 Ι
1108 421 1165 482 R
1178 422 1238 484 A
1306 421 1337 484 1
1357 421 1410 484 1.

182 551 435 639 Nempe
460 549 621 627 hoc,
642 545 821 633 quod
840 522 1082 609 Veneri
1104 543 1354 608 donatae
1377 567 1416 607 a
1436 544 1686 634 virgine
1708 567 1918 633 pupae.

2041 425 2120 490 61

2055 509 2136 624 '70¹

188 665 368 746 Quin
391 659 621 727 damus
646 659 715 723 id
735 659 1028 747 Superis,
1052 657 1133 724 de
1160 681 1389 748 magna
1417 656 1600 744 quod
1622 657 1775 722 dare
1797 658 1980 724 lance

184 779 337 843 Non
373 776 573 866 possit
608 763 825 863 magni
861 773 1145 842 Messalae
1180 771 1356 859 lippa
1393 771 1736 862 propago?
1798 783 1803 790 '

183 892 629 980 Compositum
649 891 753 975 jus
774 887 993 974 fasque
1018 886 1254 967 animi,
1278 903 1656 974 sanctosque
1685 911 1966 954 recessus

186 1006 430 1070 Mentis
452 1053 471 1087 ‚
495 1019 562 1068 et
588 1005 921 1068 incoctum
956 1023 1266 1090 generoso
1301 1017 1526 1089 pectus
1563 1003 1836 1068 honesto
1859 1003 1889 1065 Ξ)

110 1177 239 1232 adeo
274 1177 687 1231 sanctimoniam
732 1173 939 1226 nullam
983 1172 1079 1226 ad-

110 1261 231 1330 jecit
266 1259 432 1310 rebus
467 1259 581 1309 Deo
626 1255 947 1308 consecratis
967 1292 984 1317 ‚
1018 1266 1082 1305 ut

113 1352 295 1390 contra
310 1337 511 1408 templa
533 1335 778 1407 quaednm
796 1335 1085 1405 antiquitas

116 1419 387 1482 habuerit,
408 1418 469 1470 in
503 1436 621 1489 quae
656 1434 851 1468 aurum
881 1415 1083 1466 inferre

117 1512 219 1550 erat
248 1500 414 1552 nefas.
446 1499 635 1570 Itaque
670 1495 841 1550 aedem
870 1495 1079 1566 ingres-

117 1580 253 1643 suri,
298 1598 498 1632 aurum
540 1578 814 1649 ponebant
842 1613 858 1640 ,
899 1574 1081 1646 inquit

120 1651 386 1713 Plutarch.
420 1660 477 1712 in
502 1659 715 1712 Politia.
738 1669 992 1730 praecept.
1020 1655 1079 1706 C.

185 1758 267 1809 70.
313 1744 499 1806 Nempe
540 1741 662 1799 hoc,
698 1738 813 1807 eta]
860 1734 927 1786 Id
964 1746 1078 1800 est,

124 1819 264 1870 nihil.
288 1821 429 1872 Nam
452 1817 675 1890 affectus
702 1829 755 1869 et
776 1815 1081 1869 veneratio-

123 1899 198 1950 nis
241 1896 675 1970 magnitudinem
717 1895 955 1968 pretium
1002 1895 1083 1946 rei

125 1993 433 2032 consecratae
456 1977 719 2031 indicant.
730 2007 801 2016 -
815 1977 989 2026 Veneri
1003 1979 1087 2025 do-

126 2076 247 2111 natoe
263 2080 298 2111 a
312 2063 510 2128 ‘virgine
525 2077 691 2126 pupoe.
712 2057 961 2127 Virgines
982 2074 1083 2127 pu·

128 2139 375 2192 bei-tatem
420 2150 721 2192 consecutae
768 2155 939 2208 pupas
964 2174 980 2200 ,
1022 2147 1085 2188 ut

129 2219 310 2288 ephebi
324 2218 504 2270 bullas
517 2255 535 2282 ,
552 2217 777 2288 insignia
791 2217 877 2268 vel
890 2215 1089 2266 instru-

128 2311 297 2351 menta
317 2299 445 2351 vitae
472 2308 720 2350 anteactae
752 2295 865 2347 Diis
898 2312 1089 2347 conse-

130 2395 264 2431 crare
285 2380 549 2431 solebant.
572 2382 711 2444 Papa
731 2387 808 2427 est
828 2376 1061 2447 πλαγγὼν
1074 2412 1091 2440 ,

133 2458 269 2511 unde
303 2462 652 2527 planguncula
668 2495 685 2517 ,
725 2453 873 2527 apud
920 2454 1093 2506 Cicer.

134 2538 195 2590 ad
217 2541 479 2592 Atticum.
508 2537 615 2589 Has
644 2536 918 2589 icunculas
944 2553 1098 2587 coro-

135 2618 295 2688 plathi
322 2638 351 2673 e
386 2636 561 2691 gypso
602 2616 957 2669 conficiebant
984 2652 1000 2678 ‚
1038 2608 1097 2666 in

137 2701 343 2768 gratiam
383 2717 705 2771 puerorum.
738 2690 1099 2769 Ᾱνὸριαντοίρια

140 2780 391 2831 vocabant
445 2776 621 2829 Graeci
646 2815 661 2838 ‚
706 2775 799 2829 sed
850 2774 1101 2827 usitatius

142 2862 269 2929 κόρας
285 2898 298 2918 ,
328 2856 540 2928 (Gallis
563 2873 711 2909 nunc
731 2856 992 2923 poupdes).
1035 2855 1098 2907 C.

204 2957 281 3007 7¹·
304 2941 438 3006 Quin
459 2940 653 2995 damus,
674 2940 780 3003 eta]
804 2937 836 2987 J
840 2954 925 2987 am
943 2954 1103 3005 supra

142 3018 605 3085 ostenditPersius
633 3016 860 3080 vitium3
890 3015 980 3066 hic
1012 3016 1100 3065 in-

142 3096 273 3151 dicat
296 3096 457 3171 quod
475 3109 683 3149 rectum
705 3108 804 3148 est.
823 3125 890 3135 -
905 3100 978 3145 De
996 3115 1101 3146 ma-

138 3197 231 3244 gna
246 3182 400 3231 lance.
422 3176 629 3229 Anudit
655 3174 722 3228 ad
744 3194 948 3227 morem
971 3175 1103 3227 liba-

144 3258 347 3311 tionum
365 3259 430 3311 in
454 3257 701 3329 patellam
720 3294 736 3321 ‚
758 3274 877 3327 quae
905 3255 1105 3307 fiebant

145 3337 197 3389 in
217 3357 397 3391 mensa
424 3336 491 3389 de
512 3337 575 3387 iis
602 3354 718 3407 quae
744 3336 821 3387 ihi
846 3347 995 3387 erant
1014 3350 1104 3405 ap-

146 3418 327 3485 posita.
348 3418 439 3471 Sic
461 3416 687 3469 Casauh.
712 3415 826 3487 Ego
839 3433 969 3467 vero
988 3415 1109 3465 Pra-

148 3508 228 3548 teo
266 3516 478 3549 morem
516 3514 735 3567 gerens,
766 3495 840 3547 sic
869 3513 881 3544 ε
918 3493 1107 3545 allusio

150 3588 221 3627 est
264 3576 330 3628 ad
369 3590 616 3631 veterum
664 3594 873 3628 morem
904 3611 921 3636 ‚
962 3570 1109 3644 apud

152 3673 280 3725 quos
298 3674 367 3707 ex
390 3674 571 3707 acerra
593 3672 853 3726 pauperes
870 3692 885 3718 ‚
908 3672 937 3703 e
962 3654 1111 3703 lance

152 3751 241 3785 seu
271 3750 457 3807 patera
490 3736 719 3807 largiore
754 3734 947 3787 divites
978 3734 1113 3784 liba-

1229 1193 1313 1244 72.
1338 1179 1556 1226 Messalae
1574 1177 1710 1242 lippa
1727 1178 1984 1248 propaga]
2005 1180 2133 1232 Pro·-

1159 1256 1411 1322 verbium
1463 1269 1542 1308 est
1603 1257 1854 1310 Graecum
1894 1273 1908 1305 τ
1963 1262 2128 1332 ἡρώων

1158 1331 1341 1394 παῖδες
1395 1333 1552 1388 mem
1580 1347 1596 1396 ;
1639 1336 1792 1406 quod
1845 1341 2134 1410 saepissime

1162 1414 1365 1466 evenit.
1387 1415 1582 1486 Tangit
1607 1429 1788 1468 autem
1805 1455 1822 1482 ‚
1845 1418 1949 1470 hoc
1977 1419 2102 1470 loco
2116 1457 2137 1484 ,

1158 1497 1404 1560 Persius,
1431 1495 1820 1568 nequissimum
1859 1510 1913 1550 et
1951 1501 2131 1552 nebu-

1157 1577 1341 1628 lonem
1395 1575 1573 1628 filium
1621 1577 1968 1647 *illustrissimi
2028 1575 2135 1635 viri

1157 1659 1237 1710 M.
1265 1657 1472 1710 Valerii
1496 1658 1720 1711 Corvini
1744 1661 1978 1714 Messalae
1996 1699 2013 1726 ‚
2039 1664 2137 1734 qni

1159 1737 1291 1790 olim
1311 1738 1457 1789 inter
1476 1736 1606 1790 alios
1627 1741 1992 1812 proscriptus,
2012 1761 2136 1813 pos-

1160 1831 1243 1870 tea
1286 1818 1542 1889 singulari
1590 1821 1700 1872 fato
1746 1823 1978 1874 amicitia
2020 1826 2135 1875 Au·-
2164 1861 2169 1866 -

1162 1899 1303 1968 gusti
1328 1896 1548 1961 floruit,
1579 1902 1838 1971 cujusque
1859 1919 2057 1952 nomen
2083 1913 2138 1954 et

1162 1980 1361 2030 bonam
1384 1979 1577 2030 famam
1604 1992 1874 2050 occupant
1893 1993 2139 2034 veterum

1164 2071 1535 2111 monumenta.
1553 2058 1618 2111 C.
1633 2089 1704 2098 —-
1719 2063 1876 2126 Lippa
1897 2080 2137 2131 propago.

1165 2139 1371 2208 Lippus
1382 2139 1606 2209 proprie
1617 2137 1820 2192 dicitur
1834 2141 1930 2212 qui
1946 2143 2139 2194 morbo

1166 2219 1448 2269 oculorum
1485 2218 1723 2284 lahorat3
1763 2231 1849 2284 at,
1890 2223 2017 2272 cum
2051 2223 2144 2274 hic

1167 2299 1392 2353 morbus
1453 2298 1776 2372 plerumque
1850 2299 2142 2353 dissoluto—

1167 2400 1293 2437 rum
1315 2379 1373 2431 in
1395 2382 1684 2451 juventute
1718 2399 1935 2433 morum
1965 2382 2034 2433 sit
2059 2382 2145 2433 in-

1174 2458 1380 2513 dicium
1401 2500 1416 2526 ,
1439 2478 1691 2531 ¹persaepe
1733 2478 1834 2535 pro
1880 2460 2146 2513 dissoluto

1172 2540 1396 2593 homine
1424 2540 1513 2594 vel
1546 2541 1696 2593 fatuo
1729 2540 2028 2610 accipitur:
2058 2559 2148 2592 eo·

1177 2620 1303 2675 dem
1322 2622 1434 2673 fere
1455 2640 1614 2673 sensu
1637 2639 1758 2691 sup.
1780 2634 1878 2673 sat.
1901 2621 1928 2671 1
1945 2659 1960 2685 ,
1983 2640 2030 2673 v.
2051 2621 2116 2689 93
2131 2659 2149 2684 ‚

1175 2708 1346 2753 Patres
1371 2703 1629 2769 infundere
1650 2705 1816 2769 Iipms.
1842 2703 1908 2753 A.

1250 2781 1339 2851 73.
1371 2785 1685 2849 Compositum
1695 2785 1780 2853 jus
1792 2818 1809 2840 ,
1821 2781 2150 2846 fasque-'ani-

1179 2865 1290 2933 mi.]
1330 2862 1665 2933 Paraphrasis
1701 2860 1946 2911 indicans
1977 2860 2150 2912 virtu·-

1181 2955 1290 2995 tem
1316 2940 1554 2993 numeris
1586 2939 1835 2990 omnibus
1863 2935 2152 2990 suis'ahso-

1182 3024 1371 3077 lutam.
1395 3024 1462 3073 Τὸ
1487 3024 1718 3073 εὔτακτον
1745 3022 1833 3079 τῆς
1859 3020 2010 3088 ψυχῆς
2036 3023 2152 3089 πρὸς

1180 3103 1247 3155 τὰ
1281 3103 1385 3153 θεῖοί
1417 3121 1472 3152 τε
1516 3098 1597 3151 καὶ
1633 3098 1906 3167 ἀνθρώπινα
1941 3094 2118 3152 δίκαια
2139 3136 2155 3162 ,

1182 3181 1424 3233 animum
1478 3178 1615 3230 bene
1671 3192 2041 3247 comparatum
2090 3176 2158 3229 ad

1186 3259 1372 3314 divina
1413 3273 1465 3312 et
1494 3260 1725 3311 humana
1749 3260 1891 3329 jura.
1917 3289 1988 3297 -
2006 3265 2160 3309 Sanc-

1186 3356 1352 3406 tosque
1402 3358 1606 3390 recessus
1667 3340 1853 3389 mentis.
1909 3338 1980 3388 D.
2029 3337 2161 3395 Pau-

1184 3424 1271 3475 lus
1295 3442 1306 3472 :
1340 3420 1408 3473 τὰ
1435 3418 1627 3489 κρυπτὰ
1654 3426 1750 3471 τῶν
1782 3420 2063 3490 ἀνθρώπων,
2095 3418 2158 3469 C.

1259 3505 1346 3569 74.
1385 3501 1668 3564 Iucoctum]
1705 3498 2022 3558 Imbutum‚
2051 3494 2163 3565 pri·

1189 3578 1311 3632 dem
1346 3591 1640 3631 assuetum.
1676 3583 1946 3643 Incoquere
1985 3586 2164 3626 autem

1190 3650 1422 3704 verbum
1462 3649 1788 3707 tinctorum,
1815 3646 1882 3698 de
1917 3644 2168 3713 dibaphis

1193 3744 1248 3786 et
1268 3730 1615 3783 saturini-ibus
1637 3728 1906 3781 coloribus
1929 3764 1946 3789 ,
1969 3725 2170 3795 quibus

152 3817 293 3867 bant.
314 3816 452 3869 vid.
477 3817 700 3869 initium
726 3818 893 3887 hujus
920 3825 1017 3866 sat.
1048 3810 1117 3865 ad
1196 3812 1291 3862 ubi
1318 3811 1480 3862 semel
1507 3809 1669 3861 fuerit
1693 3807 1934 3857 imbutus
1959 3820 2172 3875 pannus

156 3898 375 3949 verbum
400 3896 587 3948 acen-d.
612 3899 675 3947 A.

1197 3908 1500 3962 numquam
1539 3898 1728 3940 mutat.
1745 3915 1815 3926 --
1851 3904 2085 3936 reneroso.
2106 3922 2116 3933 .
2129 3920 2143 3933 .
2161 3931 2172 3942 ,

233 4060 293 4107 V.
317 4058 400 4119 73.
425 4056 613 4106 Animi.
642 4058 831 4107 Omnes
858 4054 1006 4104 codd.
1029 4056 1116 4101 Ita.
1141 4054 1252 4101 Vct.
1274 4048 1430 4099 schol.
1451 4046 1630 4096 animo.
