2775 4619
931 367 1174 438 SATI
1197 369 1330 436 ΒΑ
1385 371 1473 444 V..

2102 377 2241 458 145·

253 489 426 559 Tres
451 507 712 558 tantum
733 493 820 560 ad
845 517 1150 562 numeros
1175 497 1373 586 satyri
1400 518 1699 563 moveare
1726 495 2031 587 Bathylli‚.‚

263 609 469 676 Liber
494 612 657 699 ego!
688 610 882 676 Unde
905 609 1132 676 datum
1157 611 1285 676 hoc
1307 611 1509 678 sumis
1528 662 1547 696 ,
1572 628 1673 678 tot
1697 614 1957 682 subdite
1984 615 2227 682 rebus?

253 727 372 790 An
407 721 760 790 dominum
785 726 1072 815 ignoras,
1103 726 1230 792 nisi
1251 748 1447 815 quem
1473 725 1761 794 vindicta
1786 729 2075 796 relaxat?
2128 739 2227 796 ηδ

257 841 298 906 I
313 890 335 924 ,
359 863 532 932 puer
544 891 566 928 ,ι
589 857 657 906 et
680 842 956 932 strigiles
987 843 1272 933 Crispini
1297 843 1381 909 ad
1414 843 1646 910 balnea
1672 844 1872 912 defer.

163 1036 306 1090 facis
331 1036 552 1101 omnia,
577 1035 622 1088 si
650 1053 762 1088 non
793 1035 1086 1107 sapienter.
1109 1035 1168 1088 Si

163 1117 345 1189 sapis,
373 1117 551 1183 liber;
577 1116 624 1169 si
647 1116 877 1181 stultus,
899 1117 1166 1170 continuo

164 1215 386 1260 servus.
429 1195 558 1268 Haeo
596 1195 778 1248 omnia
815 1196 1042 1248 stoicam
1085 1215 1167 1249 sa·

164 1277 444 1349 pientiam
474 1287 686 1328 sonant.
707 1307 777 1316 —
795 1279 928 1337 Nec,
958 1281 1068 1328 ciem
1101 1280 1168 1330 sis

166 1358 544 1426 coeterafhssor,
558 1371 646 1408 ete.
657 1358 854 1429 Neque
873 1355 1166 1422 obtineb1s‚

165 1447 238 1491 tu·
251 1438 357 1510 qui
369 1437 468 1490 reli
475 1439 582 1508 qua
597 1437 828 1492 totavita
842 1450 896 1490 te
910 1435 1170 1508 insipien-

168 1531 298 1590 tem,
317 1535 382 1569 ac
410 1516 642 1571 stultum
670 1535 852 1588 geras,
877 1529 970 1584 ut,
990 1516 1079 1572 vel
1108 1518 1168 1568 in

167 1597 453 1651 levissimo
469 1607 596 1653 actu
611 1634 628 1659 ‚
641 1597 854 1670 sapiens
872 1595 1166 1650 dicaris.—

167 1685 362 1732 Fossor.
377 1679 495 1743 Qui
515 1691 714 1730 terram
736 1677 900 1742 fodit,
915 1677 1167 1731 rusticus.

169 1759 278 1812 1110
292 1798 312 1825 ‚
333 1760 512 1812 fossor
529 1778 558 1810 a
577 1758 941 1812 similitudine
965 1759 1172 1812 dicitur

173 1840 278 1912 qui
299 1839 520 1910 sapiens
541 1856 654 1890 non
681 1852 781 1892 est.
809 1838 872 1892 P.

253 1919 380 1972 123.
429 1923 542 1969 Tres
579 1933 772 1970 tantum
805 1921 880 1970 ad
912 1937 1166 1980 numeros,

171 2005 286 2068 eta]
320 1999 436 2051 Nee
463 2001 591 2051 cum
624 2000 696 2052 sis
731 2000 797 2051 ab
837 2000 990 2052 omni
1013 2013 1170 2071 parte

170 2081 420 2134 rusticus
438 2119 455 2145 ‚
479 2099 592 2132 non
619 2079 786 2134 modo
805 2083 1048 2154 perfecte
1069 2081 1171 2135 sal·

171 2175 330 2228 tare3
373 2159 474 2217 sed
514 2179 585 2212 ne
627 2159 762 2213 duas
807 2161 1033 2235 quidem
1074 2175 1190 2215 aut·

173 2257 290 2296 tres
316 2241 528 2317 pedum
567 2240 934 2296 dimensiones
970 2245 1169 2317 exequi

173 2327 412 2399 poteris.
427 2356 501 2367 --
513 2328 689 2390 Scio-ri.
706 2364 718 2377 .
734 2362 746 2377 .
764 2364 776 2377 .
805 2328 1034 2393 Bathylli.
1055 2326 1169 2391 Qui

171 2427 298 2461 non
339 2408 525 2459 minus
565 2406 758 2460 leviter
803 2420 858 2461 et
897 2407 1170 2480 eleganter

172 2494 343 2561 quam
369 2498 586 2560 satyrus
609 2485 807 2559 aliquis
835 2487 1008 2541 saltat.
1031 2488 1170 2541 Nam

169 2572 427 2643 ὀρχεῖσθαι
449 2606 467 2633 ,
497 2569 790 2640 proprium
841 2582 1166 2640 satyrorum.

171 2647 367 2700 Latini
417 2660 604 2700 autem
647 2647 824 2700 solent
878 2646 1058 2701 dicere
1105 2650 1180 2699 ad

175 2748 446 2781 numerum
467 2731 677 2789 moveri,
703 2723 808 2801 pro
830 2732 1175 2801 ὀρχεῖσθαι.-

171 2812 420 2875 Bathylli.
477 2810 584 2863 Hic
640 2810 748 2863 fuit
803 2810 1176 2883 pantomimus

171 2888 588 2945 Alexandrinus
606 2928 623 2953 ‚
649 2892 884 2963 Augusti
911 2891 1176 2962 tempori·

171 2971 318 3036 bus,
337 2971 652 3025 Maecenatis
668 2972 898 3024 libertus
913 3010 930 3036 ‚
950 2971 1178 3043 insignis

174 3052 402 3123 egregia
435 3052 644 3116 forma,
679 3064 733 3104 et
771 3050 1001 3107 saltandi
1029 3053 1177 3125 peri-

173 3133 276 3197 tia.
297 3132 438 3203 Ejus
461 3132 715 3185 meminit
736 3133 769 3184 J
773 3151 936 3187 uven.
959 3145 1052 3186 sat.
1073 3134 1176 3198 VI,

174 3230 240 3267 v.
271 3210 361 3264 63.
389 3211 453 3263 C.

261 3299 386 3357 124.
408 3295 558 3345 Liber
582 3300 710 3361 ego!
728 3297 747 3362 ]
772 3292 843 3346 Et
865 3291 1001 3347 dicis
1017 3332 1034 3358 ‚
1057 3296 1183 3345 liber

177 3380 316 3441 ego!
351 3403 427 3413 -—
464 3377 601 3424 Unde
645 3377 813 3425 dacum
851 3374 948 3425 hoc
988 3378 1133 3425 sumis
1153 3383 1180 3425 .·'’

177 3454 411 3509 Transit
436 3458 597 3525 poe‘ta
627 3452 696 3506 ad
719 3455 943 3508 alteram
969 3450 1184 3527 partem

177 3534 453 3608 paradoxi
470 3554 482 3586 ε
503 3546 557 3586 et
572 3535 768 3605 probat
780 3553 971 3589 omnes
987 3537 1180 3589 stultos

179 3636 302 3670 esse
337 3614 807 3669 servos.—Unde
830 3634 961 3671 vero
993 3630 1056 3670 tu
1085 3616 1180 3669 ha-

175 3699 276 3751 bes
295 3696 442 3749 hanc
467 3696 777 3749 libertatem
799 3717 965 3769 quam
983 3700 1147 3769 jactas
1161 3733 1177 3761 ‚

178 3794 248 3829 ae
274 3774 381 3828 tihi
411 3780 628 3847 arrogas
646 3774 862 3828 P—'Toc
881 3779 1071 3827 subdite
1096 3795 1176 3828 re-

1247 1042 1348 1091 bus.
1373 1037 1517 1092 Cum
1539 1051 1623 1092 tot
1648 1038 1797 1094 vitiis
1832 1041 2033 1098 servias
2056 1044 2230 1098 veluti

1247 1118 1604 1190 mancipium.
1634 1123 1703 1176 A.

1323 1243 1346 1278 1
1359 1227 1446 1280 25.
1469 1231 1551 1278 An
1572 1229 1823 1280 dominum
1846 1233 2072 1299 ignoras,
2092 1235 2224 1306 eta-’1

1247 1307 1569 1370 Annullnm
1595 1303 1763 1362 alium
1788 1312 2231 1386 magistrumpu·
2278 1373 2284 1382 ἱ

1249 1398 1352 1453 tas,
1376 1387 1481 1439 nisi
1510 1407 1637 1440 eum
1660 1407 1691 1440 a
1715 1408 1831 1461 quo
1848 1391 1999 1464 virga
2027 1394 2231 1448 Preto-

1247 1465 1322 1518 ris
1337 1478 1391 1519 te
1408 1467 1697 1522 liberavit?
1715 1471 1801 1524 An
1820 1469 2235 1528 distinctionem

1248 1546 1393 1599 hano
1427 1547 1645 1617 ignoras
1666 1547 1691 1599 Ρ
1724 1548 1973 1606 Servitus
2010 1553 2112 1608 alia
2150 1567 2237 1610 est

1247 1627 1495 1696 corporis
1507 1665 1524 1692 ‚
1544 1628 1644 1681 alia
1662 1629 1843 1684 animi.
1857 1632 2119 1704 Corporis
2137 1634 2253 1691 ἀφ’

1247 1708 1386 1760 mini
1403 1719 1539 1760 sunt
1558 1710 1835 1777 homines;
1852 1713 2017 1766 animi
2031 1716 2237 1770 vitium.

1249 1797 1305 1839 et
1321 1787 1478 1858 pravi
1497 1788 1746 1842 affectus.
1768 1791 1927 1844 Illam
1948 1794 2111 1848 solvit
2127 1815 2243 1860 maq

1249 1869 1516 1920 numissio
1550 1869 1657 1922 rite
1687 1885 1904 1942 peracta
1922 1893 1937 1936 3
1956 1874 2095 1928 hanc
2122 1876 2238 1929 sola.

1247 1948 1594 2020 philosophia
1624 1987 1642 2014 ,
1683 1949 1793 2006 sive
1831 1953 2032 2008 virtus.
2075 1955 2237 2010 Philo

1248 2032 1281 2083 J
1287 2029 1382 2084 ud.
1406 2026 1605 2086 δουλεία
1626 2034 1657 2089 ἡ
1682 2033 1769 2103 μὲν
1794 2034 1948 2104 ψυχῆς
1964 2073 1982 2100 s
2000 2039 2033 2094 ἡ
2057 2032 2115 2090 δὲ
2139 2059 2237 2092 σω-

1249 2113 1423 2180 μάτων
1464 2113 1683 2183 λέγεται.
1727 2117 1977 2169 Δισπότσιι
2026 2112 2087 2170 δὲ
2134 2124 2234 2172 τῶν

1250 2195 1338 2262 μὲν
1377 2192 1623 2263 σωμάτων
1670 2193 1943 2268 ἄνθρωποι,
1974 2197 2137 2268 ψυχῶν
2172 2194 2233 2252 δὲ

1247 2272 1403 2327 κακίαι
1435 2273 1519 2327 καὶ
1548 2273 1699 2333 πάθη.
1739 2274 1801 2329 C.
1946 2275 1953 2280 “

1279 2414 1291 2425 ,
1327 2369 1449 2419 126.
1474 2370 1532 2427 1,
1546 2370 1713 2435 μνη
1729 2383 1781 2419 et
1798 2372 2005 2438 strigiles
2031 2372 2243 2438 &ispini

1249 2450 1323 2497 ad
1345 2450 1525 2497 balnea
1550 2447 1723 2518 defen]
1751 2449 2054 2521 Utriusque
2073 2450 2241 2503 servi-

1251 2528 1386 2581 tutis
1420 2528 1669 2599 exempla
1708 2529 1781 2581 ob
1820 2531 2009 2583 oculos
2043 2532 2241 2604 ponit;

1253 2608 1461 2661 scilicet
1496 2628 1671 2661 unum
1701 2613 2051 2682 corporis‚1'‚
2073 2633 2239 2681 puer,

1253 2705 1332 2749 ee,
1360 2706 1448 2741 etc.
1481 2689 1714 2744 alterum
1752 2692 1946 2755 animi,
1976 2696 2064 2745 sed
2088 2697 2133 2745 .ςί
2159 2698 2238 2746 in·

1255 2785 1372 2822 eus..
1389 2809 1402 2821 .
1419 2810 1431 2822 .
1474 2787 1745 2823 nascuntur
1789 2776 1978 2824 domini
2002 2813 2016 2837 ‚
2060 2776 2241 2865 infral,

1255 2871 1306 2924 γ.
1336 2870 1358 2903 1
1368 2850 1457 2903 3ο.
1473 2882 1545 2891 -
1558 2854 1785 2921 Strigiles.
1804 2853 2243 2908 Instrumentum

1257 2930 1545 2985 dentatum
1581 2931 1651 2997 ad
1688 2932 2015 2987 balneorum
2054 2955 2239 2990 usum.

1257 3012 1389 3066 vid.
1423 3015 1625 3068 Juven.
1659 3027 1755 3069 sat.
1786 3015 1909 3076 ΙΙΙ,
1938 3036 1993 3071 v.
2030 3011 2243 3071 233.--
2287 3044 2292 3050 ·

1257 3098 1482 3163 Crispini.
1534 3096 1951 3168 opulentissimi
2006 3099 2245 3169 quilibet

1238 3175 1361 3228 -sibi
1376 3188 1430 3229 et
1445 3176 1629 3229 amicis
1641 3178 1917 3248 habehant
1930 3177 2080 3231 domi
2096 3180 2247 3231 ther-

1257 3274 1370 3309 mas
1392 3269 1449 3309 et
1467 3257 1676 3310 balnea.
1700 3258 1899 3311 Forsan
1922 3270 1976 3311 et
1994 3260 2084 3312 hic
2098 3259 2247 3312 Cris-

1257 3336 1423 3407 pinus
1447 3336 1595 3390 idem
1622 3351 1703 3391 est
1730 3352 1894 3411 atque
1918 3338 2009 3391 ine
2034 3338 2107 3393 de
2127 3357 2247 3413 quq

1259 3418 1537 3471 Iuvenalis
1558 3418 1812 3490 loquitur
1829 3454 1845 3482 ‚
1866 3431 1963 3471 sat.
1992 3420 2019 3470 1
2039 3438 2053 3470 :

1259 3528 1378 3576 Cum
1409 3544 1517 3591 pars
1549 3528 1737 3576 Niliaea
1765 3528 1918 3591 plebis
1931 3562 1945 3587 ,
1967 3527 2077 3575 eum
2104 3543 2247 3575 verna

1386 3600 1568 3661 Canopi

1258 3670 1499 3733 Crispinus
1514 3700 2153 3727 ..............
2188 3702 2209 3715 a

1259 3788 1316 3829 et
1336 3789 1435 3829 sat.
1460 3777 1567 3842 IV,
1594 3788 1649 3829 et
1670 3776 1821 3829 alibi.
1852 3778 1913 3830 C.
1936 3776 2070 3830 et'P.

254 3947 321 3994 V.
349 3954 469 4003 124.
493 3944 663 3995 Sumit.
697 3946 854 3997 Sentis
885 3963 980 4013 pro
1008 3946 1178 4006 sumis,
1201 3946 1348 3999 codd.
1369 3946 1570 3997 Thuan.
1596 3948 1779 3999 Mazar.
1804 3946 2022 3998 Colbert.
2044 3948 2095 4011 1,
2113 3950 2178 4007 V,
2198 3960 2253 3996 et

183 4027 296 4077 duo
320 4027 427 4077 alii.

1819 4117 1898 4161 19
