<?xml version="1.0" encoding="UTF-8"?>
<!DOCTYPE html PUBLIC "-//W3C//DTD XHTML 1.0 Transitional//EN"
    "http://www.w3.org/TR/xhtml1/DTD/xhtml1-transitional.dtd">
<html xmlns="http://www.w3.org/1999/xhtml" xml:lang="en" lang="en">
 <head>
  <title>
</title>
<meta http-equiv="Content-Type" content="text/html;charset=utf-8" />
  <meta name='ocr-system' content='tesseract 3.04.00' />
  <meta name='ocr-capabilities' content='ocr_page ocr_carea ocr_par ocr_line ocrx_word'/>
</head>
<body>
  <div class='ocr_page' id='page_1' title='image "aulipersiiflacc00achagoog_0073.png"; bbox 0 0 2775 4619; ppageno 0'>
   <div class='ocr_carea' id='block_1_1' title="bbox 905 301 1426 369">
    <p class='ocr_par' dir='ltr' id='par_1_1' title="bbox 905 301 1426 369">
     <span class='ocr_line' id='line_1_1' title="bbox 905 301 1426 369; baseline 0 -1"><span class='ocrx_word' id='word_1_1' title='bbox 905 301 1307 369; x_wconf 86' lang='lat' dir='ltr'><strong>SATIRA</strong></span> <span class='ocrx_word' id='word_1_2' title='bbox 1369 303 1426 368; x_wconf 94' lang='lat' dir='ltr'><strong>I.</strong></span> 
     </span>
    </p>
   </div>
   <div class='ocr_carea' id='block_1_2' title="bbox 2103 327 2200 394">
    <p class='ocr_par' dir='ltr' id='par_1_2' title="bbox 2103 327 2200 394">
     <span class='ocr_line' id='line_1_2' title="bbox 2103 327 2200 394; baseline 0 -24"><span class='ocrx_word' id='word_1_3' title='bbox 2103 327 2200 394; x_wconf 53' lang='lat'><strong>29*</strong></span> 
     </span>
    </p>
   </div>
   <div class='ocr_carea' id='block_1_3' title="bbox 826 447 1879 504">
    <p class='ocr_par' dir='ltr' id='par_1_3' title="bbox 826 447 1879 504">
     <span class='ocr_line' id='line_1_3' title="bbox 826 447 1879 504; baseline -0.001 -14"><span class='ocrx_word' id='word_1_4' title='bbox 826 447 1497 504; x_wconf 53' lang='lat' dir='ltr'><strong>nnvnnsanlus.</strong></span> <span class='ocrx_word' id='word_1_5' title='bbox 1875 471 1879 476; x_wconf 94' lang='lat'>·</span> 
     </span>
    </p>
   </div>
   <div class='ocr_carea' id='block_1_4' title="bbox 1488 540 2188 629">
    <p class='ocr_par' dir='ltr' id='par_1_4' title="bbox 1488 540 2188 629">
     <span class='ocr_line' id='line_1_4' title="bbox 1488 540 2188 629; baseline -0.001 -23"><span class='ocrx_word' id='word_1_6' title='bbox 1488 540 1702 629; x_wconf 85' lang='lat' dir='ltr'><strong>Euge,</strong></span> <span class='ocrx_word' id='word_1_7' title='bbox 1728 542 1950 629; x_wconf 69' lang='lat' dir='ltr'><strong>poeta!</strong></span> <span class='ocrx_word' id='word_1_8' title='bbox 2120 551 2188 622; x_wconf 84' lang='lat'><strong>75</strong></span> 
     </span>
    </p>
   </div>
   <div class='ocr_carea' id='block_1_5' title="bbox 192 652 1804 834">
    <p class='ocr_par' dir='ltr' id='par_1_5' title="bbox 192 652 1804 834">
     <span class='ocr_line' id='line_1_5' title="bbox 967 652 1498 720; baseline 0 -28"><span class='ocrx_word' id='word_1_9' title='bbox 967 652 1379 696; x_wconf 56' lang='lat' dir='ltr'><strong>Pnnslu&amp;</strong></span> <span class='ocrx_word' id='word_1_10' title='bbox 1495 717 1498 720; x_wconf 6' lang='grc' dir='ltr'><strong><em>ἡ</em></strong></span> 
     </span>
     <span class='ocr_line' id='line_1_6' title="bbox 192 743 1804 834; baseline 0.004 -30"><span class='ocrx_word' id='word_1_11' title='bbox 192 745 351 811; x_wconf 82' lang='lat' dir='ltr'><strong>,Est</strong></span> <span class='ocrx_word' id='word_1_12' title='bbox 367 795 387 829; x_wconf 88' lang='lat'>‚</span> <span class='ocrx_word' id='word_1_13' title='bbox 418 767 600 808; x_wconf 90' lang='lat' dir='ltr'><strong>nunc</strong></span> <span class='ocrx_word' id='word_1_14' title='bbox 627 744 858 810; x_wconf 85' lang='lat' dir='ltr'><strong>Briseis</strong></span> <span class='ocrx_word' id='word_1_15' title='bbox 894 765 1089 834; x_wconf 88' lang='lat' dir='ltr'><strong>quem</strong></span> <span class='ocrx_word' id='word_1_16' title='bbox 1112 753 1385 810; x_wconf 84' lang='lat' dir='ltr'>venosus</span> <span class='ocrx_word' id='word_1_17' title='bbox 1416 743 1586 808; x_wconf 84' lang='lat' dir='ltr'><strong>liber</strong></span> <span class='ocrx_word' id='word_1_18' title='bbox 1611 743 1771 810; x_wconf 77' lang='lat' dir='ltr'><strong>Aeci</strong></span> <span class='ocrx_word' id='word_1_19' title='bbox 1784 793 1804 827; x_wconf 88' lang='lat'>‚</span> 
     </span>
    </p>
   </div>
   <div class='ocr_carea' id='block_1_6' title="bbox 129 935 1135 1412">
    <p class='ocr_par' dir='ltr' id='par_1_6' title="bbox 129 935 1135 1336">
     <span class='ocr_line' id='line_1_7' title="bbox 132 935 1133 1013; baseline -0.005 -21"><span class='ocrx_word' id='word_1_20' title='bbox 132 954 465 1013; x_wconf 73' lang='lat' dir='ltr'><strong>conjectura</strong></span> <span class='ocrx_word' id='word_1_21' title='bbox 479 937 615 991; x_wconf 88' lang='lat' dir='ltr'><strong>mihi</strong></span> <span class='ocrx_word' id='word_1_22' title='bbox 629 937 753 990; x_wconf 85' lang='lat' dir='ltr'><strong>satis</strong></span> <span class='ocrx_word' id='word_1_23' title='bbox 767 935 990 1001; x_wconf 82' lang='lat' dir='ltr'>arridet,</span> <span class='ocrx_word' id='word_1_24' title='bbox 1002 955 1133 1009; x_wconf 87' lang='lat' dir='ltr'><strong>qua-</strong></span> 
     </span>
     <span class='ocr_line' id='line_1_8' title="bbox 129 1018 1131 1090; baseline -0.002 -18"><span class='ocrx_word' id='word_1_25' title='bbox 129 1019 177 1072; x_wconf 82' lang='lat' dir='ltr'><strong>si</strong></span> <span class='ocrx_word' id='word_1_26' title='bbox 199 1034 399 1075; x_wconf 85' lang='lat' dir='ltr'><strong>noster</strong></span> <span class='ocrx_word' id='word_1_27' title='bbox 418 1019 703 1090; x_wconf 68' lang='lat' dir='ltr'><strong>poetastris</strong></span> <span class='ocrx_word' id='word_1_28' title='bbox 716 1057 734 1084; x_wconf 91' lang='lat'>‚</span> <span class='ocrx_word' id='word_1_29' title='bbox 754 1036 891 1090; x_wconf 83' lang='lat' dir='ltr'><strong>quos</strong></span> <span class='ocrx_word' id='word_1_30' title='bbox 907 1018 1131 1070; x_wconf 86' lang='lat' dir='ltr'><strong>subsan-</strong></span> 
     </span>
     <span class='ocr_line' id='line_1_9' title="bbox 130 1098 1131 1169; baseline -0.002 -17"><span class='ocrx_word' id='word_1_31' title='bbox 130 1112 231 1152; x_wconf 85' lang='lat' dir='ltr'><strong>nat</strong></span> <span class='ocrx_word' id='word_1_32' title='bbox 255 1139 275 1164; x_wconf 89' lang='lat'>‚</span> <span class='ocrx_word' id='word_1_33' title='bbox 313 1100 427 1152; x_wconf 90' lang='lat' dir='ltr'><strong>boc</strong></span> <span class='ocrx_word' id='word_1_34' title='bbox 468 1100 591 1151; x_wconf 84' lang='lat' dir='ltr'><strong>loco</strong></span> <span class='ocrx_word' id='word_1_35' title='bbox 611 1137 627 1164; x_wconf 87' lang='lat'><strong>,</strong></span> <span class='ocrx_word' id='word_1_36' title='bbox 664 1098 921 1151; x_wconf 79' lang='lat' dir='ltr'><strong>insulsam</strong></span> <span class='ocrx_word' id='word_1_37' title='bbox 961 1098 1131 1169; x_wconf 84' lang='lat' dir='ltr'><strong>hujus</strong></span> 
     </span>
     <span class='ocr_line' id='line_1_10' title="bbox 130 1176 1135 1250; baseline 0.002 -18"><span class='ocrx_word' id='word_1_38' title='bbox 130 1185 327 1250; x_wconf 64' lang='lat' dir='ltr'><strong>poeta</strong></span> <span class='ocrx_word' id='word_1_39' title='bbox 368 1176 765 1232; x_wconf 79' lang='lat' dir='ltr'><strong>fecunditatem</strong></span> <span class='ocrx_word' id='word_1_40' title='bbox 798 1177 961 1232; x_wconf 80' lang='lat' dir='ltr'><strong>etiam</strong></span> <span class='ocrx_word' id='word_1_41' title='bbox 1002 1196 1135 1234; x_wconf 87' lang='lat' dir='ltr'><strong>con-.</strong></span> 
     </span>
     <span class='ocr_line' id='line_1_11' title="bbox 134 1258 767 1336; baseline -0.005 -24"><span class='ocrx_word' id='word_1_42' title='bbox 134 1259 348 1312; x_wconf 82' lang='lat' dir='ltr'>cedere</span> <span class='ocrx_word' id='word_1_43' title='bbox 377 1259 659 1336; x_wconf 66' lang='lat' dir='ltr'><strong>noluisset.</strong></span> <span class='ocrx_word' id='word_1_44' title='bbox 700 1258 767 1310; x_wconf 81' lang='lat' dir='ltr'><strong>A.</strong></span> 
     </span>
    </p>

    <p class='ocr_par' dir='ltr' id='par_1_7' title="bbox 214 1339 1135 1412">
     <span class='ocr_line' id='line_1_12' title="bbox 214 1339 1135 1412; baseline -0.002 -17"><span class='ocrx_word' id='word_1_45' title='bbox 214 1341 315 1412; x_wconf 79' lang='lat'><strong>75-</strong></span> <span class='ocrx_word' id='word_1_46' title='bbox 357 1345 527 1408; x_wconf 81' lang='lat' dir='ltr'><strong>Euge,</strong></span> <span class='ocrx_word' id='word_1_47' title='bbox 540 1346 691 1408; x_wconf 61' lang='lat' dir='ltr'><strong>poeta</strong></span> <span class='ocrx_word' id='word_1_48' title='bbox 706 1347 729 1390; x_wconf 85' lang='lat'><em>!</em></span> <span class='ocrx_word' id='word_1_49' title='bbox 748 1343 769 1408; x_wconf 92' lang='grc'>]</span> <span class='ocrx_word' id='word_1_50' title='bbox 795 1339 923 1394; x_wconf 78' lang='lat' dir='ltr'><strong>Haec</strong></span> <span class='ocrx_word' id='word_1_51' title='bbox 942 1339 1135 1395; x_wconf 78' lang='lat' dir='ltr'><strong>adver·</strong></span> 
     </span>
    </p>
   </div>
   <div class='ocr_carea' id='block_1_7' title="bbox 49 1419 1133 1492">
    <p class='ocr_par' dir='ltr' id='par_1_8' title="bbox 49 1419 1133 1492">
     <span class='ocr_line' id='line_1_13' title="bbox 49 1419 1133 1492; baseline 0 -18"><span class='ocrx_word' id='word_1_52' title='bbox 49 1419 51 1428; x_wconf 86' lang='lat'>&#39;</span> <span class='ocrx_word' id='word_1_53' title='bbox 134 1422 290 1474; x_wconf 79' lang='lat' dir='ltr'><strong>sario</strong></span> <span class='ocrx_word' id='word_1_54' title='bbox 310 1421 488 1474; x_wconf 85' lang='lat' dir='ltr'><strong>tribui</strong></span> <span class='ocrx_word' id='word_1_55' title='bbox 506 1421 718 1492; x_wconf 84' lang='lat' dir='ltr'><strong>primus</strong></span> <span class='ocrx_word' id='word_1_56' title='bbox 737 1421 1103 1492; x_wconf 80' lang='lat' dir='ltr'>interpretum</span> <span class='ocrx_word' id='word_1_57' title='bbox 1115 1461 1133 1489; x_wconf 89' lang='lat'>,</span> 
     </span>
    </p>
   </div>
   <div class='ocr_carea' id='block_1_8' title="bbox 138 1499 1139 2692">
    <p class='ocr_par' dir='ltr' id='par_1_9' title="bbox 138 1499 1139 2692">
     <span class='ocr_line' id='line_1_14' title="bbox 139 1499 1135 1574; baseline 0.002 -20"><span class='ocrx_word' id='word_1_58' title='bbox 139 1503 242 1574; x_wconf 85' lang='lat' dir='ltr'><strong>qui</strong></span> <span class='ocrx_word' id='word_1_59' title='bbox 299 1499 494 1554; x_wconf 87' lang='lat' dir='ltr'><strong>eadem</strong></span> <span class='ocrx_word' id='word_1_60' title='bbox 549 1501 731 1554; x_wconf 84' lang='lat' dir='ltr'><strong>Persio</strong></span> <span class='ocrx_word' id='word_1_61' title='bbox 782 1502 1098 1556; x_wconf 86' lang='lat' dir='ltr'><strong>tribuebant</strong></span> <span class='ocrx_word' id='word_1_62' title='bbox 1116 1542 1135 1570; x_wconf 88' lang='lat'><strong>,</strong></span> 
     </span>
     <span class='ocr_line' id='line_1_15' title="bbox 140 1578 1138 1650; baseline 0.002 -20"><span class='ocrx_word' id='word_1_63' title='bbox 140 1579 305 1650; x_wconf 80' lang='lat' dir='ltr'><strong>quasi</strong></span> <span class='ocrx_word' id='word_1_64' title='bbox 362 1579 650 1650; x_wconf 68' lang='lat' dir='ltr'><strong>poetastris</strong></span> <span class='ocrx_word' id='word_1_65' title='bbox 708 1578 915 1631; x_wconf 84' lang='lat' dir='ltr'><strong>ironice</strong></span> <span class='ocrx_word' id='word_1_66' title='bbox 969 1579 1138 1633; x_wconf 84' lang='lat' dir='ltr'><strong>accla-</strong></span> 
     </span>
     <span class='ocr_line' id='line_1_16' title="bbox 139 1661 1136 1728; baseline 0.002 -16"><span class='ocrx_word' id='word_1_67' title='bbox 139 1671 347 1712; x_wconf 81' lang='lat' dir='ltr'><strong>masset</strong></span> <span class='ocrx_word' id='word_1_68' title='bbox 365 1677 382 1709; x_wconf 88' lang='lat'><strong>:</strong></span> <span class='ocrx_word' id='word_1_69' title='bbox 412 1679 535 1728; x_wconf 76' lang='lat' dir='ltr'><strong>euge</strong></span> <span class='ocrx_word' id='word_1_70' title='bbox 547 1698 571 1720; x_wconf 84' lang='lat'><strong>‚.</strong></span> <span class='ocrx_word' id='word_1_71' title='bbox 584 1666 735 1726; x_wconf 77' lang='lat' dir='ltr'><strong>poe&#39;ea</strong></span> <span class='ocrx_word' id='word_1_72' title='bbox 754 1667 777 1710; x_wconf 78' lang='grc' dir='ltr'><em>Ι</em></span> <span class='ocrx_word' id='word_1_73' title='bbox 802 1661 1013 1714; x_wconf 86' lang='lat' dir='ltr'><strong>Verum</strong></span> <span class='ocrx_word' id='word_1_74' title='bbox 1032 1697 1049 1725; x_wconf 88' lang='lat'>‚</span> <span class='ocrx_word' id='word_1_75' title='bbox 1077 1662 1136 1714; x_wconf 89' lang='lat' dir='ltr'><strong>in</strong></span> 
     </span>
     <span class='ocr_line' id='line_1_17' title="bbox 140 1736 1133 1809; baseline 0 -17"><span class='ocrx_word' id='word_1_76' title='bbox 140 1739 255 1792; x_wconf 78' lang='lat' dir='ltr'><strong>boc</strong></span> <span class='ocrx_word' id='word_1_77' title='bbox 274 1759 441 1792; x_wconf 87' lang='lat' dir='ltr'><strong>sensu</strong></span> <span class='ocrx_word' id='word_1_78' title='bbox 464 1778 480 1805; x_wconf 87' lang='lat'><strong>,</strong></span> <span class='ocrx_word' id='word_1_79' title='bbox 504 1740 755 1793; x_wconf 79' lang='lat' dir='ltr'><strong>dixisset:</strong></span> <span class='ocrx_word' id='word_1_80' title='bbox 783 1736 922 1809; x_wconf 55' lang='lat' dir='ltr'><strong>eug-e,</strong></span> <span class='ocrx_word' id='word_1_81' title='bbox 933 1747 1133 1808; x_wconf 61' lang='grc' dir='ltr'><strong>μοὶ-ἀτί</strong></span> 
     </span>
     <span class='ocr_line' id='line_1_18' title="bbox 141 1819 1135 1892; baseline 0.002 -20"><span class='ocrx_word' id='word_1_82' title='bbox 141 1839 276 1873; x_wconf 87' lang='lat' dir='ltr'><strong>nam</strong></span> <span class='ocrx_word' id='word_1_83' title='bbox 322 1819 397 1873; x_wconf 92' lang='lat' dir='ltr'><strong>de</strong></span> <span class='ocrx_word' id='word_1_84' title='bbox 442 1821 701 1892; x_wconf 83' lang='lat' dir='ltr'><strong>pluribus</strong></span> <span class='ocrx_word' id='word_1_85' title='bbox 754 1822 936 1892; x_wconf 83' lang='lat' dir='ltr'><strong>agitur</strong></span> <span class='ocrx_word' id='word_1_86' title='bbox 977 1842 991 1874; x_wconf 78' lang='grc' dir='ltr'><em>τ</em></span> <span class='ocrx_word' id='word_1_87' title='bbox 1042 1843 1135 1874; x_wconf 84' lang='lat' dir='ltr'><strong>nu-</strong></span> 
     </span>
     <span class='ocr_line' id='line_1_19' title="bbox 138 1905 1133 1971; baseline 0.002 -19"><span class='ocrx_word' id='word_1_88' title='bbox 138 1905 265 1970; x_wconf 79' lang='lat' dir='ltr'><strong>gari</strong></span> <span class='ocrx_word' id='word_1_89' title='bbox 289 1905 457 1954; x_wconf 82' lang='lat' dir='ltr'><strong>solitos</strong></span> <span class='ocrx_word' id='word_1_90' title='bbox 470 1941 487 1963; x_wconf 92' lang='lat'>‚</span> <span class='ocrx_word' id='word_1_91' title='bbox 515 1916 603 1954; x_wconf 82' lang='lat' dir='ltr'><strong>etc.</strong></span> <span class='ocrx_word' id='word_1_92' title='bbox 642 1923 734 1954; x_wconf 84' lang='lat' dir='ltr'><strong>nec</strong></span> <span class='ocrx_word' id='word_1_93' title='bbox 764 1923 948 1971; x_wconf 80' lang='lat' dir='ltr'><strong>ponere</strong></span> <span class='ocrx_word' id='word_1_94' title='bbox 970 1907 1133 1955; x_wconf 78' lang='lat' dir='ltr'><strong>laeum</strong></span> 
     </span>
     <span class='ocr_line' id='line_1_20' title="bbox 141 1981 1133 2052; baseline 0.006 -21"><span class='ocrx_word' id='word_1_95' title='bbox 141 1984 382 2052; x_wconf 61' lang='lat' dir='ltr'><strong>artifices,</strong></span> <span class='ocrx_word' id='word_1_96' title='bbox 394 1995 483 2032; x_wconf 86' lang='lat' dir='ltr'><strong>etc.</strong></span> <span class='ocrx_word' id='word_1_97' title='bbox 504 1981 802 2048; x_wconf 65' lang='lat' dir='ltr'><strong>Caeterum,</strong></span> <span class='ocrx_word' id='word_1_98' title='bbox 820 1983 943 2036; x_wconf 82' lang='lat' dir='ltr'><strong>satis</strong></span> <span class='ocrx_word' id='word_1_99' title='bbox 962 1983 1133 2037; x_wconf 88' lang='lat' dir='ltr'><strong>aliena</strong></span> 
     </span>
     <span class='ocr_line' id='line_1_21' title="bbox 141 2061 1137 2134; baseline -0.001 -17"><span class='ocrx_word' id='word_1_100' title='bbox 141 2075 197 2117; x_wconf 86' lang='lat' dir='ltr'><strong>et</strong></span> <span class='ocrx_word' id='word_1_101' title='bbox 228 2064 445 2134; x_wconf 78' lang='lat' dir='ltr'><strong>ingrata</strong></span> <span class='ocrx_word' id='word_1_102' title='bbox 467 2061 611 2114; x_wconf 83' lang='lat' dir='ltr'><strong>foret</strong></span> <span class='ocrx_word' id='word_1_103' title='bbox 634 2062 691 2114; x_wconf 83' lang='lat' dir='ltr'><strong>in</strong></span> <span class='ocrx_word' id='word_1_104' title='bbox 720 2078 815 2115; x_wconf 81' lang='lat' dir='ltr'><strong>ore</strong></span> <span class='ocrx_word' id='word_1_105' title='bbox 840 2063 1010 2116; x_wconf 88' lang='lat' dir='ltr'><strong>Persii</strong></span> <span class='ocrx_word' id='word_1_106' title='bbox 1036 2065 1137 2116; x_wconf 88' lang='lat' dir='ltr'><strong>ista</strong></span> 
     </span>
     <span class='ocr_line' id='line_1_22' title="bbox 141 2142 1137 2198; baseline 0 -2"><span class='ocrx_word' id='word_1_107' title='bbox 141 2143 471 2196; x_wconf 83' lang='lat' dir='ltr'><strong>exclamatio</strong></span> <span class='ocrx_word' id='word_1_108' title='bbox 495 2161 508 2192; x_wconf 91' lang='lat'><strong>:</strong></span> <span class='ocrx_word' id='word_1_109' title='bbox 539 2142 597 2194; x_wconf 88' lang='lat' dir='ltr'><strong>in</strong></span> <span class='ocrx_word' id='word_1_110' title='bbox 618 2156 920 2196; x_wconf 85' lang='lat' dir='ltr'><strong>ore-autem</strong></span> <span class='ocrx_word' id='word_1_111' title='bbox 944 2143 1137 2198; x_wconf 82' lang='lat' dir='ltr'><strong>adver-</strong></span> 
     </span>
     <span class='ocr_line' id='line_1_23' title="bbox 143 2221 1136 2294; baseline 0.001 -17"><span class='ocrx_word' id='word_1_112' title='bbox 143 2223 273 2277; x_wconf 82' lang='lat' dir='ltr'><strong>sarii</strong></span> <span class='ocrx_word' id='word_1_113' title='bbox 285 2261 303 2288; x_wconf 88' lang='lat'>‚</span> <span class='ocrx_word' id='word_1_114' title='bbox 324 2221 475 2275; x_wconf 86' lang='lat' dir='ltr'><strong>idem</strong></span> <span class='ocrx_word' id='word_1_115' title='bbox 488 2235 643 2275; x_wconf 83' lang='lat' dir='ltr'><strong>sonat</strong></span> <span class='ocrx_word' id='word_1_116' title='bbox 657 2235 823 2294; x_wconf 88' lang='lat' dir='ltr'><strong>atque</strong></span> <span class='ocrx_word' id='word_1_117' title='bbox 837 2224 934 2288; x_wconf 78' lang='lat' dir='ltr'><strong>iste</strong></span> <span class='ocrx_word' id='word_1_118' title='bbox 946 2242 1136 2278; x_wconf 80' lang='lat' dir='ltr'><strong>versus</strong></span> 
     </span>
     <span class='ocr_line' id='line_1_24' title="bbox 144 2301 1136 2372; baseline 0 -15"><span class='ocrx_word' id='word_1_119' title='bbox 144 2304 205 2357; x_wconf 89' lang='lat' dir='ltr'><strong>in</strong></span> <span class='ocrx_word' id='word_1_120' title='bbox 228 2323 327 2357; x_wconf 88' lang='lat' dir='ltr'><strong>ore</strong></span> <span class='ocrx_word' id='word_1_121' title='bbox 344 2305 504 2355; x_wconf 56' lang='lat' dir='ltr'><strong>Arist&amp;</strong></span> <span class='ocrx_word' id='word_1_122' title='bbox 520 2301 673 2372; x_wconf 84' lang='lat' dir='ltr'><strong>(vid.</strong></span> <span class='ocrx_word' id='word_1_123' title='bbox 696 2306 899 2369; x_wconf 75' lang='lat' dir='ltr'><strong>Moliere</strong></span> <span class='ocrx_word' id='word_1_124' title='bbox 915 2343 929 2363; x_wconf 93' lang='lat'><strong>,</strong></span> <span class='ocrx_word' id='word_1_125' title='bbox 950 2307 1136 2357; x_wconf 85' lang='lat' dir='ltr'><strong>Misan·</strong></span> 
     </span>
     <span class='ocr_line' id='line_1_25' title="bbox 145 2384 1137 2455; baseline 0.002 -20"><span class='ocrx_word' id='word_1_126' title='bbox 145 2386 389 2453; x_wconf 73' lang='lat' dir='ltr'><strong>thr-ope),</strong></span> <span class='ocrx_word' id='word_1_127' title='bbox 411 2384 511 2455; x_wconf 89' lang='lat' dir='ltr'><strong>qui</strong></span> <span class='ocrx_word' id='word_1_128' title='bbox 529 2384 811 2455; x_wconf 85' lang='lat' dir='ltr'><strong>perpetuis</strong></span> <span class='ocrx_word' id='word_1_129' title='bbox 830 2384 1137 2438; x_wconf 83' lang='lat' dir='ltr'><strong>aulicorum</strong></span> 
     </span>
     <span class='ocr_line' id='line_1_26' title="bbox 142 2460 1137 2519; baseline 0.001 -1"><span class='ocrx_word' id='word_1_130' title='bbox 142 2466 203 2518; x_wconf 87' lang='lat' dir='ltr'><strong>in</strong></span> <span class='ocrx_word' id='word_1_131' title='bbox 232 2466 489 2518; x_wconf 77' lang='lat' dir='ltr'><strong>absentes</strong></span> <span class='ocrx_word' id='word_1_132' title='bbox 526 2460 797 2518; x_wconf 79' lang='lat' dir='ltr'><strong>maledicis</strong></span> <span class='ocrx_word' id='word_1_133' title='bbox 828 2484 889 2517; x_wconf 86' lang='lat' dir='ltr'><strong>ao</strong></span> <span class='ocrx_word' id='word_1_134' title='bbox 922 2464 1137 2519; x_wconf 89' lang='lat' dir='ltr'><strong>morda-</strong></span> 
     </span>
     <span class='ocr_line' id='line_1_27' title="bbox 146 2543 1139 2621; baseline 0.003 -23"><span class='ocrx_word' id='word_1_135' title='bbox 146 2546 307 2599; x_wconf 81' lang='lat' dir='ltr'><strong>cibus</strong></span> <span class='ocrx_word' id='word_1_136' title='bbox 327 2545 451 2599; x_wconf 84' lang='lat' dir='ltr'><strong>telis</strong></span> <span class='ocrx_word' id='word_1_137' title='bbox 470 2543 795 2619; x_wconf 84' lang='lat' dir='ltr'><strong>defatigatus</strong></span> <span class='ocrx_word' id='word_1_138' title='bbox 809 2585 827 2614; x_wconf 93' lang='lat'>,</span> <span class='ocrx_word' id='word_1_139' title='bbox 847 2560 903 2601; x_wconf 90' lang='lat' dir='ltr'><strong>et</strong></span> <span class='ocrx_word' id='word_1_140' title='bbox 922 2566 1139 2621; x_wconf 83' lang='lat' dir='ltr'><strong>exaspe-</strong></span> 
     </span>
     <span class='ocr_line' id='line_1_28' title="bbox 145 2626 656 2692; baseline -0.006 -12"><span class='ocrx_word' id='word_1_141' title='bbox 145 2640 300 2681; x_wconf 85' lang='lat' dir='ltr'><strong>ratus</strong></span> <span class='ocrx_word' id='word_1_142' title='bbox 314 2664 333 2692; x_wconf 91' lang='lat'>,</span> <span class='ocrx_word' id='word_1_143' title='bbox 359 2626 656 2681; x_wconf 83' lang='lat' dir='ltr'><strong>exclamat:</strong></span> 
     </span>
    </p>
   </div>
   <div class='ocr_carea' id='block_1_9' title="bbox 150 2713 1140 2832">
    <p class='ocr_par' dir='ltr' id='par_1_10' title="bbox 150 2713 1140 2832">
     <span class='ocr_line' id='line_1_29' title="bbox 150 2713 1140 2785; baseline 0.004 -26"><span class='ocrx_word' id='word_1_144' title='bbox 150 2716 355 2762; x_wconf 80' lang='lat' dir='ltr'><strong>Poussez</strong></span> <span class='ocrx_word' id='word_1_145' title='bbox 388 2713 569 2770; x_wconf 83' lang='lat' dir='ltr'><strong>ferme,</strong></span> <span class='ocrx_word' id='word_1_146' title='bbox 614 2730 813 2777; x_wconf 77' lang='lat' dir='ltr'><strong>poussez</strong></span> <span class='ocrx_word' id='word_1_147' title='bbox 836 2751 851 2773; x_wconf 86' lang='lat'>,</span> <span class='ocrx_word' id='word_1_148' title='bbox 886 2729 985 2785; x_wconf 77' lang='lat' dir='ltr'><strong>mes</strong></span> <span class='ocrx_word' id='word_1_149' title='bbox 1016 2716 1140 2764; x_wconf 75' lang='lat' dir='ltr'><strong>bons</strong></span> 
     </span>
     <span class='ocr_line' id='line_1_30' title="bbox 272 2784 1005 2832; baseline 0 0"><span class='ocrx_word' id='word_1_150' title='bbox 272 2785 395 2832; x_wconf 82' lang='lat' dir='ltr'><strong>amis</strong></span> <span class='ocrx_word' id='word_1_151' title='bbox 415 2784 477 2831; x_wconf 78' lang='lat' dir='ltr'><strong>de</strong></span> <span class='ocrx_word' id='word_1_152' title='bbox 493 2784 635 2831; x_wconf 84' lang='lat' dir='ltr'><strong>cour!</strong></span> <span class='ocrx_word' id='word_1_153' title='bbox 963 2787 1005 2832; x_wconf 78' lang='lat' dir='ltr'>A</span> 
     </span>
    </p>
   </div>
   <div class='ocr_carea' id='block_1_10' title="bbox 142 2862 1139 3338">
    <p class='ocr_par' dir='ltr' id='par_1_11' title="bbox 142 2862 1139 3338">
     <span class='ocr_line' id='line_1_31' title="bbox 220 2862 1137 2934; baseline 0.002 -19"><span class='ocrx_word' id='word_1_154' title='bbox 220 2864 315 2933; x_wconf 86' lang='lat'><strong>76.</strong></span> <span class='ocrx_word' id='word_1_155' title='bbox 332 2866 440 2922; x_wconf 76' lang='lat' dir='ltr'><strong>Est,</strong></span> <span class='ocrx_word' id='word_1_156' title='bbox 463 2880 595 2929; x_wconf 82' lang='lat' dir='ltr'><strong>nunc</strong></span> <span class='ocrx_word' id='word_1_157' title='bbox 618 2863 809 2922; x_wconf 79' lang='lat' dir='ltr'><strong>Briseis,</strong></span> <span class='ocrx_word' id='word_1_158' title='bbox 830 2864 944 2934; x_wconf 67' lang='lat' dir='ltr'><strong>eta]</strong></span> <span class='ocrx_word' id='word_1_159' title='bbox 973 2862 1025 2915; x_wconf 91' lang='lat' dir='ltr'>N</span> <span class='ocrx_word' id='word_1_160' title='bbox 1028 2882 1137 2917; x_wconf 82' lang='lat' dir='ltr'><strong>unc</strong></span> 
     </span>
     <span class='ocr_line' id='line_1_32' title="bbox 148 2943 1139 3017; baseline 0.001 -21"><span class='ocrx_word' id='word_1_161' title='bbox 148 2950 344 3017; x_wconf 70' lang='lat' dir='ltr'><strong>poetas</strong></span> <span class='ocrx_word' id='word_1_162' title='bbox 366 2956 427 2996; x_wconf 88' lang='lat' dir='ltr'><strong>et</strong></span> <span class='ocrx_word' id='word_1_163' title='bbox 445 2956 684 2996; x_wconf 82' lang='lat' dir='ltr'><strong>oratores</strong></span> <span class='ocrx_word' id='word_1_164' title='bbox 710 2943 904 2997; x_wconf 86' lang='lat' dir='ltr'><strong>irridet</strong></span> <span class='ocrx_word' id='word_1_165' title='bbox 924 2946 1021 3016; x_wconf 84' lang='lat' dir='ltr'><strong>qui</strong></span> <span class='ocrx_word' id='word_1_166' title='bbox 1040 2982 1057 3009; x_wconf 84' lang='lat'>‚</span> <span class='ocrx_word' id='word_1_167' title='bbox 1080 2945 1139 2997; x_wconf 89' lang='lat' dir='ltr'><strong>in</strong></span> 
     </span>
     <span class='ocr_line' id='line_1_33' title="bbox 142 3021 1139 3097; baseline 0 -20"><span class='ocrx_word' id='word_1_168' title='bbox 142 3024 505 3097; x_wconf 77' lang='lat' dir='ltr'><strong>jactationem</strong></span> <span class='ocrx_word' id='word_1_169' title='bbox 517 3021 859 3087; x_wconf 83' lang='lat' dir='ltr'><strong>eruditionis,</strong></span> <span class='ocrx_word' id='word_1_170' title='bbox 871 3043 1033 3079; x_wconf 81' lang='lat' dir='ltr'><strong>voees</strong></span> <span class='ocrx_word' id='word_1_171' title='bbox 1046 3025 1139 3077; x_wconf 92' lang='lat' dir='ltr'><strong>ob-</strong></span> 
     </span>
     <span class='ocr_line' id='line_1_34' title="bbox 148 3102 1136 3160; baseline 0.002 -3"><span class='ocrx_word' id='word_1_172' title='bbox 148 3104 351 3158; x_wconf 78' lang='lat' dir='ltr'><strong>soletas</strong></span> <span class='ocrx_word' id='word_1_173' title='bbox 387 3116 442 3157; x_wconf 88' lang='lat' dir='ltr'><strong>et</strong></span> <span class='ocrx_word' id='word_1_174' title='bbox 470 3102 538 3159; x_wconf 82' lang='lat' dir='ltr'><strong>ab</strong></span> <span class='ocrx_word' id='word_1_175' title='bbox 572 3122 675 3157; x_wconf 87' lang='lat' dir='ltr'><strong>usu</strong></span> <span class='ocrx_word' id='word_1_176' title='bbox 706 3118 943 3157; x_wconf 84' lang='lat' dir='ltr'><strong>remotas</strong></span> <span class='ocrx_word' id='word_1_177' title='bbox 973 3124 1136 3160; x_wconf 84' lang='lat' dir='ltr'><strong>usur-</strong></span> 
     </span>
     <span class='ocr_line' id='line_1_35' title="bbox 146 3178 1139 3257; baseline 0.001 -19"><span class='ocrx_word' id='word_1_178' title='bbox 146 3186 361 3257; x_wconf 80' lang='lat' dir='ltr'><strong>pabant</strong></span> <span class='ocrx_word' id='word_1_179' title='bbox 384 3222 401 3250; x_wconf 87' lang='lat'>,</span> <span class='ocrx_word' id='word_1_180' title='bbox 441 3178 626 3237; x_wconf 76' lang='lat' dir='ltr'><strong>simul¹</strong></span> <span class='ocrx_word' id='word_1_181' title='bbox 659 3198 713 3238; x_wconf 91' lang='lat' dir='ltr'><strong>et</strong></span> <span class='ocrx_word' id='word_1_182' title='bbox 754 3186 1139 3249; x_wconf 55' lang='lat' dir='ltr'><strong>ftranslationes</strong></span> 
     </span>
     <span class='ocr_line' id='line_1_36' title="bbox 148 3264 1138 3338; baseline 0 -18"><span class='ocrx_word' id='word_1_183' title='bbox 148 3268 458 3320; x_wconf 77' lang='lat' dir='ltr'><strong>verborum</strong></span> <span class='ocrx_word' id='word_1_184' title='bbox 501 3264 773 3320; x_wconf 79' lang='lat' dir='ltr'><strong>&#39;duriores-</strong></span> <span class='ocrx_word' id='word_1_185' title='bbox 824 3267 1138 3338; x_wconf 82' lang='lat' dir='ltr'><strong>Utrumque</strong></span> 
     </span>
    </p>
   </div>
   <div class='ocr_carea' id='block_1_11' title="bbox 1199 935 2200 3339">
    <p class='ocr_par' dir='ltr' id='par_1_12' title="bbox 1199 935 2200 3339">
     <span class='ocr_line' id='line_1_37' title="bbox 1206 935 2193 1002; baseline 0.005 -13"><span class='ocrx_word' id='word_1_186' title='bbox 1206 953 1454 990; x_wconf 83' lang='lat' dir='ltr'><strong>&#39;errorem</strong></span> <span class='ocrx_word' id='word_1_187' title='bbox 1489 935 1865 1002; x_wconf 85' lang='lat' dir='ltr'><strong>Quintilianus</strong></span> <span class='ocrx_word' id='word_1_188' title='bbox 1895 938 1954 991; x_wconf 87' lang='lat' dir='ltr'><strong>in</strong></span> <span class='ocrx_word' id='word_1_189' title='bbox 1989 952 2193 996; x_wconf 78' lang='lat' dir='ltr'><strong>octavae</strong></span> 
     </span>
     <span class='ocr_line' id='line_1_38' title="bbox 1209 1016 2193 1088; baseline 0.006 -20"><span class='ocrx_word' id='word_1_190' title='bbox 1209 1016 1576 1070; x_wconf 85' lang='lat' dir='ltr'><strong>institutionis</strong></span> <span class='ocrx_word' id='word_1_191' title='bbox 1625 1017 1889 1088; x_wconf 80' lang='lat' dir='ltr'><strong>prooemio</strong></span> <span class='ocrx_word' id='word_1_192' title='bbox 1923 1055 1943 1082; x_wconf 89' lang='lat'><strong>‚-</strong></span> <span class='ocrx_word' id='word_1_193' title='bbox 1981 1019 2059 1072; x_wconf 80' lang='lat' dir='ltr'><strong>sic</strong></span> <span class='ocrx_word' id='word_1_194' title='bbox 2085 1038 2193 1074; x_wconf 55' lang='lat' dir='ltr'><strong>me·</strong></span> 
     </span>
     <span class='ocr_line' id='line_1_39' title="bbox 1208 1096 2194 1173; baseline 0.005 -23"><span class='ocrx_word' id='word_1_195' title='bbox 1208 1096 1543 1170; x_wconf 83' lang='lat' dir='ltr'><strong>prehendit:</strong></span> <span class='ocrx_word' id='word_1_196' title='bbox 1581 1101 1738 1163; x_wconf 82' lang='lat' dir='ltr'><strong>Quid,</strong></span> <span class='ocrx_word' id='word_1_197' title='bbox 1770 1103 1909 1167; x_wconf 71' lang='lat' dir='ltr'><strong>qnod</strong></span> <span class='ocrx_word' id='word_1_198' title='bbox 1935 1103 2062 1154; x_wconf 76' lang='lat' dir='ltr'><strong>nihil</strong></span> <span class='ocrx_word' id='word_1_199' title='bbox 2076 1104 2194 1173; x_wconf 87' lang='lat' dir='ltr'><strong>jam</strong></span> 
     </span>
     <span class='ocr_line' id='line_1_40' title="bbox 1200 1181 2195 1250; baseline 0.007 -22"><span class='ocrx_word' id='word_1_200' title='bbox 1200 1181 1462 1246; x_wconf 81' lang='lat' dir='ltr'><strong>proprium</strong></span> <span class='ocrx_word' id='word_1_201' title='bbox 1491 1181 1696 1244; x_wconf 78' lang='lat' dir='ltr'><strong>placet,</strong></span> <span class='ocrx_word' id='word_1_202' title='bbox 1724 1182 1841 1232; x_wconf 85' lang='lat' dir='ltr'><strong>dum</strong></span> <span class='ocrx_word' id='word_1_203' title='bbox 1868 1201 2056 1250; x_wconf 81' lang='lat' dir='ltr'><strong>parum</strong></span> <span class='ocrx_word' id='word_1_204' title='bbox 2087 1203 2195 1234; x_wconf 82' lang='lat' dir='ltr'><strong>cre·</strong></span> 
     </span>
     <span class='ocr_line' id='line_1_41' title="bbox 1212 1259 2196 1324; baseline 0.005 -16"><span class='ocrx_word' id='word_1_205' title='bbox 1212 1259 1348 1308; x_wconf 82' lang='lat' dir='ltr'><strong>ditur</strong></span> <span class='ocrx_word' id='word_1_206' title='bbox 1357 1259 1590 1308; x_wconf 81' lang='lat' dir='ltr'><strong>disertum</strong></span> <span class='ocrx_word' id='word_1_207' title='bbox 1597 1295 1614 1323; x_wconf 85' lang='lat'>,</span> <span class='ocrx_word' id='word_1_208' title='bbox 1626 1261 1765 1324; x_wconf 86' lang='lat' dir='ltr'><strong>quod</strong></span> <span class='ocrx_word' id='word_1_209' title='bbox 1772 1273 1822 1310; x_wconf 80' lang='lat' dir='ltr'><strong>et</strong></span> <span class='ocrx_word' id='word_1_210' title='bbox 1831 1262 1957 1310; x_wconf 83' lang='lat' dir='ltr'><strong>alias</strong></span> <span class='ocrx_word' id='word_1_211' title='bbox 1969 1263 2196 1313; x_wconf 65' lang='lat' dir='ltr'><strong>dix-asset?</strong></span> 
     </span>
     <span class='ocr_line' id='line_1_42' title="bbox 1214 1339 2196 1407; baseline 0.004 -19"><span class='ocrx_word' id='word_1_212' title='bbox 1214 1342 1264 1388; x_wconf 84' lang='lat' dir='ltr'><em>A</em></span> <span class='ocrx_word' id='word_1_213' title='bbox 1298 1339 1662 1404; x_wconf 81' lang='lat' dir='ltr'><strong>corruptissimo</strong></span> <span class='ocrx_word' id='word_1_214' title='bbox 1702 1357 1899 1405; x_wconf 83' lang='lat' dir='ltr'><strong>quoque</strong></span> <span class='ocrx_word' id='word_1_215' title='bbox 1925 1346 2196 1407; x_wconf 75' lang='lat' dir='ltr'><strong>poe&#39;tarum</strong></span> 
     </span>
     <span class='ocr_line' id='line_1_43' title="bbox 1199 1419 2193 1490; baseline 0.005 -22"><span class='ocrx_word' id='word_1_216' title='bbox 1199 1419 1400 1490; x_wconf 75' lang='lat' dir='ltr'><strong>figuras</strong></span> <span class='ocrx_word' id='word_1_217' title='bbox 1411 1437 1495 1469; x_wconf 87' lang='lat' dir='ltr'><strong>seu</strong></span> <span class='ocrx_word' id='word_1_218' title='bbox 1514 1421 1858 1470; x_wconf 80' lang='lat' dir='ltr'><strong>translationes</strong></span> <span class='ocrx_word' id='word_1_219' title='bbox 1876 1435 2164 1473; x_wconf 82' lang='lat' dir='ltr'><strong>mutuamur</strong></span> <span class='ocrx_word' id='word_1_220' title='bbox 2175 1442 2193 1473; x_wconf 89' lang='lat'><strong>.·</strong></span> 
     </span>
     <span class='ocr_line' id='line_1_44' title="bbox 1216 1499 2200 1566; baseline 0.004 -18"><span class='ocrx_word' id='word_1_221' title='bbox 1216 1513 1317 1549; x_wconf 81' lang='lat' dir='ltr'><strong>tum</strong></span> <span class='ocrx_word' id='word_1_222' title='bbox 1340 1501 1536 1549; x_wconf 84' lang='lat' dir='ltr'><strong>demum</strong></span> <span class='ocrx_word' id='word_1_223' title='bbox 1561 1499 1800 1566; x_wconf 75' lang='lat' dir='ltr'><strong>ingeniosi</strong></span> <span class='ocrx_word' id='word_1_224' title='bbox 1825 1501 2034 1562; x_wconf 84' lang='lat' dir='ltr'><strong>seilicet,</strong></span> <span class='ocrx_word' id='word_1_225' title='bbox 2059 1503 2104 1551; x_wconf 86' lang='lat' dir='ltr'><strong>si</strong></span> <span class='ocrx_word' id='word_1_226' title='bbox 2126 1505 2200 1552; x_wconf 85' lang='lat' dir='ltr'><strong>ad</strong></span> 
     </span>
     <span class='ocr_line' id='line_1_45' title="bbox 1216 1582 2196 1650; baseline 0.003 -19"><span class='ocrx_word' id='word_1_227' title='bbox 1216 1583 1552 1647; x_wconf 80' lang='lat' dir='ltr'><strong>intelligendos</strong></span> <span class='ocrx_word' id='word_1_228' title='bbox 1569 1599 1655 1631; x_wconf 86' lang='lat' dir='ltr'><strong>nos</strong></span> <span class='ocrx_word' id='word_1_229' title='bbox 1673 1600 1792 1647; x_wconf 82' lang='lat' dir='ltr'><strong>opus</strong></span> <span class='ocrx_word' id='word_1_230' title='bbox 1815 1584 1877 1632; x_wconf 78' lang='lat' dir='ltr'><strong>sit</strong></span> <span class='ocrx_word' id='word_1_231' title='bbox 1893 1583 2104 1650; x_wconf 78' lang='lat' dir='ltr'><strong>ingenio·</strong></span> <span class='ocrx_word' id='word_1_232' title='bbox 2121 1582 2196 1635; x_wconf 89' lang='lat' dir='ltr'><strong>Et</strong></span> 
     </span>
     <span class='ocr_line' id='line_1_46' title="bbox 1220 1659 2195 1733; baseline 0 -19"><span class='ocrx_word' id='word_1_233' title='bbox 1220 1679 1333 1732; x_wconf 84' lang='lat' dir='ltr'><strong>cap.</strong></span> <span class='ocrx_word' id='word_1_234' title='bbox 1359 1662 1420 1713; x_wconf 92' lang='lat'><strong>11</strong></span> <span class='ocrx_word' id='word_1_235' title='bbox 1445 1659 1710 1733; x_wconf 85' lang='lat' dir='ltr'><strong>ejusdem.</strong></span> <span class='ocrx_word' id='word_1_236' title='bbox 1745 1664 2026 1714; x_wconf 78' lang='lat' dir='ltr'><strong>Obscuritas</strong></span> <span class='ocrx_word' id='word_1_237' title='bbox 2048 1667 2195 1714; x_wconf 85' lang='lat' dir='ltr'><strong>eciam</strong></span> 
     </span>
     <span class='ocr_line' id='line_1_47' title="bbox 1205 1741 2196 1812; baseline 0.003 -22"><span class='ocrx_word' id='word_1_238' title='bbox 1205 1743 1279 1812; x_wconf 81' lang='lat' dir='ltr'><strong>fit</strong></span> <span class='ocrx_word' id='word_1_239' title='bbox 1290 1743 1460 1791; x_wconf 77' lang='lat' dir='ltr'><strong>verbis</strong></span> <span class='ocrx_word' id='word_1_240' title='bbox 1475 1744 1543 1792; x_wconf 83' lang='lat' dir='ltr'><strong>ab</strong></span> <span class='ocrx_word' id='word_1_241' title='bbox 1563 1760 1650 1792; x_wconf 84' lang='lat' dir='ltr'><strong>usu</strong></span> <span class='ocrx_word' id='word_1_242' title='bbox 1670 1743 1866 1792; x_wconf 81' lang='lat' dir='ltr'><strong>remotis</strong></span> <span class='ocrx_word' id='word_1_243' title='bbox 1881 1761 1900 1791; x_wconf 89' lang='lat'><strong>.·</strong></span> <span class='ocrx_word' id='word_1_244' title='bbox 1925 1757 1982 1792; x_wconf 83' lang='lat' dir='ltr'><strong>nt</strong></span> <span class='ocrx_word' id='word_1_245' title='bbox 2001 1745 2045 1793; x_wconf 88' lang='lat' dir='ltr'><strong>si</strong></span> <span class='ocrx_word' id='word_1_246' title='bbox 2055 1741 2196 1793; x_wconf 75' lang='lat' dir='ltr'><strong>&#39;com-</strong></span> 
     </span>
     <span class='ocr_line' id='line_1_48' title="bbox 1214 1823 2194 1891; baseline 0.002 -21"><span class='ocrx_word' id='word_1_247' title='bbox 1214 1823 1480 1872; x_wconf 77' lang='lat' dir='ltr'><strong>mentarios</strong></span> <span class='ocrx_word' id='word_1_248' title='bbox 1499 1824 1608 1888; x_wconf 86' lang='lat' dir='ltr'><strong>quis</strong></span> <span class='ocrx_word' id='word_1_249' title='bbox 1616 1824 1908 1891; x_wconf 75' lang='lat' dir='ltr'><strong>pontificum</strong></span> <span class='ocrx_word' id='word_1_250' title='bbox 1922 1860 1938 1882; x_wconf 95' lang='lat'><em>,</em></span> <span class='ocrx_word' id='word_1_251' title='bbox 1959 1837 2010 1872; x_wconf 84' lang='lat' dir='ltr'><strong>et</strong></span> <span class='ocrx_word' id='word_1_252' title='bbox 2025 1838 2194 1873; x_wconf 79' lang='lat' dir='ltr'><strong>vetus-</strong></span> 
     </span>
     <span class='ocr_line' id='line_1_49' title="bbox 1212 1901 2196 1966; baseline 0.001 -16"><span class='ocrx_word' id='word_1_253' title='bbox 1212 1902 1392 1962; x_wconf 82' lang='lat' dir='ltr'><strong>tissima</strong></span> <span class='ocrx_word' id='word_1_254' title='bbox 1396 1901 1600 1966; x_wconf 82' lang='lat' dir='ltr'><strong>soedera</strong></span> <span class='ocrx_word' id='word_1_255' title='bbox 1613 1938 1631 1960; x_wconf 89' lang='lat'>‚</span> <span class='ocrx_word' id='word_1_256' title='bbox 1653 1914 1704 1950; x_wconf 85' lang='lat' dir='ltr'><strong>et</strong></span> <span class='ocrx_word' id='word_1_257' title='bbox 1727 1903 1940 1956; x_wconf 78' lang='lat' dir='ltr'><strong>exoletos</strong></span> <span class='ocrx_word' id='word_1_258' title='bbox 1955 1916 2196 1952; x_wconf 81' lang='lat' dir='ltr'><strong>scrutatus</strong></span> 
     </span>
     <span class='ocr_line' id='line_1_50' title="bbox 1212 1969 2196 2048; baseline 0.002 -18"><span class='ocrx_word' id='word_1_259' title='bbox 1212 1993 1464 2039; x_wconf 81' lang='lat' dir='ltr'><strong>auctores,</strong></span> <span class='ocrx_word' id='word_1_260' title='bbox 1496 1981 1552 2030; x_wconf 85' lang='lat' dir='ltr'><strong>id</strong></span> <span class='ocrx_word' id='word_1_261' title='bbox 1571 1969 1726 2046; x_wconf 78' lang='lat' dir='ltr'><strong>ipsum</strong></span> <span class='ocrx_word' id='word_1_262' title='bbox 1746 1995 1892 2048; x_wconf 66' lang='lat' dir='ltr'><strong>pesae</strong></span> <span class='ocrx_word' id='word_1_263' title='bbox 1913 2000 1978 2030; x_wconf 77' lang='lat' dir='ltr'><strong>ex</strong></span> <span class='ocrx_word' id='word_1_264' title='bbox 2008 1983 2082 2032; x_wconf 74' lang='lat' dir='ltr'><strong>his</strong></span> <span class='ocrx_word' id='word_1_265' title='bbox 2093 2019 2112 2042; x_wconf 90' lang='lat'><em>,</em></span> <span class='ocrx_word' id='word_1_266' title='bbox 2139 1996 2196 2032; x_wconf 74' lang='lat' dir='ltr'><strong>ut</strong></span> 
     </span>
     <span class='ocr_line' id='line_1_51' title="bbox 1215 2061 2196 2127; baseline 0.005 -19"><span class='ocrx_word' id='word_1_267' title='bbox 1215 2079 1330 2126; x_wconf 72' lang='lat' dir='ltr'><strong>quse</strong></span> <span class='ocrx_word' id='word_1_268' title='bbox 1368 2061 1483 2111; x_wconf 85' lang='lat' dir='ltr'><strong>inde</strong></span> <span class='ocrx_word' id='word_1_269' title='bbox 1505 2062 1830 2127; x_wconf 30' lang='lat' dir='ltr'><strong>‘contraxerit</strong></span> <span class='ocrx_word' id='word_1_270' title='bbox 1871 2081 1970 2111; x_wconf 87' lang='lat' dir='ltr'><strong>non</strong></span> <span class='ocrx_word' id='word_1_271' title='bbox 2015 2063 2196 2113; x_wconf 77' lang='lat' dir='ltr'><strong>intelli-</strong></span> 
     </span>
     <span class='ocr_line' id='line_1_52' title="bbox 1210 2140 2194 2210; baseline 0.002 -20"><span class='ocrx_word' id='word_1_272' title='bbox 1210 2155 1365 2210; x_wconf 75' lang='lat' dir='ltr'><strong>gatur</strong></span> <span class='ocrx_word' id='word_1_273' title='bbox 1393 2159 1412 2190; x_wconf 91' lang='grc'><strong>.·</strong></span> <span class='ocrx_word' id='word_1_274' title='bbox 1453 2140 1568 2191; x_wconf 79' lang='lat' dir='ltr'><strong>hinc</strong></span> <span class='ocrx_word' id='word_1_275' title='bbox 1619 2143 1748 2191; x_wconf 89' lang='lat' dir='ltr'><strong>enim</strong></span> <span class='ocrx_word' id='word_1_276' title='bbox 1805 2143 1968 2208; x_wconf 84' lang='lat' dir='ltr'><strong>aliqui</strong></span> <span class='ocrx_word' id='word_1_277' title='bbox 1988 2143 2194 2208; x_wconf 86' lang='lat' dir='ltr'><strong>famam</strong></span> 
     </span>
     <span class='ocr_line' id='line_1_53' title="bbox 1216 2219 2196 2288; baseline 0.001 -19"><span class='ocrx_word' id='word_1_278' title='bbox 1216 2221 1505 2270; x_wconf 80' lang='lat' dir='ltr'><strong>eruditionis</strong></span> <span class='ocrx_word' id='word_1_279' title='bbox 1538 2219 1796 2286; x_wconf 75' lang='lat' dir='ltr'><strong>&#39;afficcant</strong></span> <span class='ocrx_word' id='word_1_280' title='bbox 1808 2257 1826 2280; x_wconf 91' lang='lat'><strong><em>,</em></strong></span> <span class='ocrx_word' id='word_1_281' title='bbox 1863 2235 1919 2270; x_wconf 74' lang='lat' dir='ltr'><strong>ut</strong></span> <span class='ocrx_word' id='word_1_282' title='bbox 1963 2225 2196 2288; x_wconf 80' lang='lat' dir='ltr'><strong>quaedam</strong></span> 
     </span>
     <span class='ocr_line' id='line_1_54' title="bbox 1214 2299 2199 2355; baseline 0.003 -3"><span class='ocrx_word' id='word_1_283' title='bbox 1214 2303 1307 2352; x_wconf 83' lang='lat' dir='ltr'><strong>soli</strong></span> <span class='ocrx_word' id='word_1_284' title='bbox 1326 2303 1450 2353; x_wconf 85' lang='lat' dir='ltr'><strong>scire</strong></span> <span class='ocrx_word' id='word_1_285' title='bbox 1476 2299 1851 2353; x_wconf 81' lang='lat' dir='ltr'><strong>videantur.—-</strong></span> <span class='ocrx_word' id='word_1_286' title='bbox 1869 2305 2043 2355; x_wconf 84' lang='lat' dir='ltr'><strong>Briseis</strong></span> <span class='ocrx_word' id='word_1_287' title='bbox 2071 2306 2199 2355; x_wconf 82' lang='lat' dir='ltr'><strong>liber</strong></span> 
     </span>
     <span class='ocr_line' id='line_1_55' title="bbox 1216 2382 2198 2449; baseline 0.005 -18"><span class='ocrx_word' id='word_1_288' title='bbox 1216 2401 1427 2433; x_wconf 78' lang='lat' dir='ltr'><strong>venosus</strong></span> <span class='ocrx_word' id='word_1_289' title='bbox 1436 2420 1452 2442; x_wconf 89' lang='grc'><strong><em>,</em></strong></span> <span class='ocrx_word' id='word_1_290' title='bbox 1468 2395 1522 2434; x_wconf 89' lang='lat' dir='ltr'><strong>et</strong></span> <span class='ocrx_word' id='word_1_291' title='bbox 1531 2385 1751 2449; x_wconf 81' lang='lat' dir='ltr'><strong>Antiopa</strong></span> <span class='ocrx_word' id='word_1_292' title='bbox 1767 2402 2052 2444; x_wconf 82' lang='lat' dir='ltr'><strong>verrucosa,</strong></span> <span class='ocrx_word' id='word_1_293' title='bbox 2066 2382 2138 2435; x_wconf 90' lang='lat' dir='ltr'><strong>du</strong></span> <span class='ocrx_word' id='word_1_294' title='bbox 2147 2404 2198 2435; x_wconf 86' lang='lat' dir='ltr'><strong>a·</strong></span> 
     </span>
     <span class='ocr_line' id='line_1_56' title="bbox 1216 2460 2195 2534; baseline 0.002 -21"><span class='ocrx_word' id='word_1_295' title='bbox 1216 2480 1341 2513; x_wconf 86' lang='lat' dir='ltr'><strong>rum</strong></span> <span class='ocrx_word' id='word_1_296' title='bbox 1372 2460 1756 2534; x_wconf 85' lang='lat' dir='ltr'><strong>tragoediarum</strong></span> <span class='ocrx_word' id='word_1_297' title='bbox 1790 2462 2009 2516; x_wconf 87' lang='lat' dir='ltr'><strong>nomina</strong></span> <span class='ocrx_word' id='word_1_298' title='bbox 2034 2477 2195 2529; x_wconf 88' lang='lat' dir='ltr'><strong>sunt,</strong></span> 
     </span>
     <span class='ocr_line' id='line_1_57' title="bbox 1220 2542 2197 2617; baseline -0.001 -22"><span class='ocrx_word' id='word_1_299' title='bbox 1220 2550 1456 2615; x_wconf 85' lang='lat' dir='ltr'><strong>quarum</strong></span> <span class='ocrx_word' id='word_1_300' title='bbox 1491 2544 1630 2595; x_wconf 86' lang='lat' dir='ltr'><strong>hanc</strong></span> <span class='ocrx_word' id='word_1_301' title='bbox 1669 2542 1940 2597; x_wconf 83' lang='lat' dir='ltr'><strong>Pacuvius</strong></span> <span class='ocrx_word' id='word_1_302' title='bbox 1973 2559 2197 2617; x_wconf 89' lang='lat' dir='ltr'><strong>compo-</strong></span> 
     </span>
     <span class='ocr_line' id='line_1_58' title="bbox 1220 2623 2198 2687; baseline 0 -12"><span class='ocrx_word' id='word_1_303' title='bbox 1220 2636 1403 2675; x_wconf 87' lang='lat' dir='ltr'><strong>suerat</strong></span> <span class='ocrx_word' id='word_1_304' title='bbox 1428 2661 1444 2687; x_wconf 88' lang='lat'>,</span> <span class='ocrx_word' id='word_1_305' title='bbox 1482 2623 1630 2675; x_wconf 83' lang='lat' dir='ltr'><strong>illam</strong></span> <span class='ocrx_word' id='word_1_306' title='bbox 1665 2624 2198 2675; x_wconf 83' lang='lat' dir='ltr'><strong>Accius.—-Venosus</strong></span> 
     </span>
     <span class='ocr_line' id='line_1_59' title="bbox 1220 2701 2196 2771; baseline 0.001 -17"><span class='ocrx_word' id='word_1_307' title='bbox 1220 2706 1362 2755; x_wconf 83' lang='lat' dir='ltr'><strong>liber.</strong></span> <span class='ocrx_word' id='word_1_308' title='bbox 1385 2702 1514 2755; x_wconf 88' lang='lat' dir='ltr'><strong>Scil.</strong></span> <span class='ocrx_word' id='word_1_309' title='bbox 1538 2701 1798 2756; x_wconf 87' lang='lat' dir='ltr'><strong>deformis</strong></span> <span class='ocrx_word' id='word_1_310' title='bbox 1815 2740 1832 2768; x_wconf 91' lang='lat'>‚</span> <span class='ocrx_word' id='word_1_311' title='bbox 1858 2715 1921 2771; x_wconf 81' lang='lat' dir='ltr'><strong>ut</strong></span> <span class='ocrx_word' id='word_1_312' title='bbox 1947 2716 2078 2755; x_wconf 85' lang='lat' dir='ltr'><strong>sunt</strong></span> <span class='ocrx_word' id='word_1_313' title='bbox 2095 2704 2196 2755; x_wconf 81' lang='lat' dir='ltr'><strong>ho-</strong></span> 
     </span>
     <span class='ocr_line' id='line_1_60' title="bbox 1215 2780 2198 2853; baseline -0.003 -16"><span class='ocrx_word' id='word_1_314' title='bbox 1215 2784 1387 2837; x_wconf 87' lang='lat' dir='ltr'><strong>mines</strong></span> <span class='ocrx_word' id='word_1_315' title='bbox 1403 2783 1570 2835; x_wconf 87' lang='lat' dir='ltr'><strong>macri</strong></span> <span class='ocrx_word' id='word_1_316' title='bbox 1587 2796 1640 2835; x_wconf 92' lang='lat' dir='ltr'><strong>et</strong></span> <span class='ocrx_word' id='word_1_317' title='bbox 1657 2782 2030 2853; x_wconf 88' lang='lat' dir='ltr'><strong>senes,quibus</strong></span> <span class='ocrx_word' id='word_1_318' title='bbox 2041 2780 2198 2837; x_wconf 86' lang='lat' dir='ltr'><strong>dedit</strong></span> 
     </span>
     <span class='ocr_line' id='line_1_61' title="bbox 1216 2864 2196 2936; baseline -0.005 -19"><span class='ocrx_word' id='word_1_319' title='bbox 1216 2864 1377 2936; x_wconf 87' lang='lat' dir='ltr'><strong>longa</strong></span> <span class='ocrx_word' id='word_1_320' title='bbox 1403 2872 1526 2917; x_wconf 66' lang='lat' dir='ltr'><strong>aetas</strong></span> <span class='ocrx_word' id='word_1_321' title='bbox 1553 2864 1818 2930; x_wconf 83' lang='lat' dir='ltr'><strong>deformem</strong></span> <span class='ocrx_word' id='word_1_322' title='bbox 1841 2868 1939 2928; x_wconf 78' lang='lat' dir='ltr'><strong>pro</strong></span> <span class='ocrx_word' id='word_1_323' title='bbox 1959 2878 2068 2916; x_wconf 81' lang='lat' dir='ltr'><strong>cute</strong></span> <span class='ocrx_word' id='word_1_324' title='bbox 2085 2864 2196 2929; x_wconf 79' lang='lat' dir='ltr'><strong>pel-</strong></span> 
     </span>
     <span class='ocr_line' id='line_1_62' title="bbox 1219 2944 2200 3007; baseline 0 -12"><span class='ocrx_word' id='word_1_325' title='bbox 1219 2948 1332 2995; x_wconf 82' lang='lat' dir='ltr'><strong>lem:</strong></span> <span class='ocrx_word' id='word_1_326' title='bbox 1344 2945 1462 2997; x_wconf 84' lang='lat' dir='ltr'><strong>istis</strong></span> <span class='ocrx_word' id='word_1_327' title='bbox 1475 2944 1620 2996; x_wconf 88' lang='lat' dir='ltr'><strong>enim</strong></span> <span class='ocrx_word' id='word_1_328' title='bbox 1629 2962 1780 2997; x_wconf 79' lang='lat' dir='ltr'><strong>venae</strong></span> <span class='ocrx_word' id='word_1_329' title='bbox 1795 2956 2022 3007; x_wconf 83' lang='lat' dir='ltr'><strong>exstant,</strong></span> <span class='ocrx_word' id='word_1_330' title='bbox 2033 2962 2200 2995; x_wconf 82' lang='lat' dir='ltr'><strong>carne</strong></span> 
     </span>
     <span class='ocr_line' id='line_1_63' title="bbox 1216 3022 2198 3097; baseline -0.001 -19"><span class='ocrx_word' id='word_1_331' title='bbox 1216 3026 1369 3078; x_wconf 90' lang='lat' dir='ltr'><strong>senio</strong></span> <span class='ocrx_word' id='word_1_332' title='bbox 1391 3024 1924 3097; x_wconf 67' lang='lat' dir='ltr'><strong>absumpta.--Acea‘.</strong></span> <span class='ocrx_word' id='word_1_333' title='bbox 1957 3022 2099 3078; x_wconf 89' lang='lat' dir='ltr'><strong>Cave</strong></span> <span class='ocrx_word' id='word_1_334' title='bbox 2125 3042 2198 3077; x_wconf 90' lang='lat' dir='ltr'><strong>ne</strong></span> 
     </span>
     <span class='ocr_line' id='line_1_64' title="bbox 1215 3103 2198 3170; baseline -0.003 -11"><span class='ocrx_word' id='word_1_335' title='bbox 1215 3106 1361 3159; x_wconf 89' lang='lat' dir='ltr'><strong>hunc</strong></span> <span class='ocrx_word' id='word_1_336' title='bbox 1383 3103 1689 3158; x_wconf 86' lang='lat' dir='ltr'><strong>confundas</strong></span> <span class='ocrx_word' id='word_1_337' title='bbox 1718 3120 1847 3157; x_wconf 84' lang='lat' dir='ltr'><strong>eum</strong></span> <span class='ocrx_word' id='word_1_338' title='bbox 1872 3105 2036 3157; x_wconf 87' lang='lat' dir='ltr'><strong>Accio</strong></span> <span class='ocrx_word' id='word_1_339' title='bbox 2052 3142 2068 3170; x_wconf 92' lang='lat'>,</span> <span class='ocrx_word' id='word_1_340' title='bbox 2099 3122 2198 3156; x_wconf 89' lang='lat' dir='ltr'><strong>seu</strong></span> 
     </span>
     <span class='ocr_line' id='line_1_65' title="bbox 1216 3184 2193 3259; baseline -0.002 -20"><span class='ocrx_word' id='word_1_341' title='bbox 1216 3186 1367 3239; x_wconf 92' lang='lat' dir='ltr'><strong>Attio</strong></span> <span class='ocrx_word' id='word_1_342' title='bbox 1407 3186 1660 3238; x_wconf 85' lang='lat' dir='ltr'><strong>Labeone</strong></span> <span class='ocrx_word' id='word_1_343' title='bbox 1677 3224 1694 3251; x_wconf 90' lang='lat'>‚</span> <span class='ocrx_word' id='word_1_344' title='bbox 1733 3184 1804 3237; x_wconf 90' lang='lat' dir='ltr'><strong>de</strong></span> <span class='ocrx_word' id='word_1_345' title='bbox 1852 3204 1965 3257; x_wconf 86' lang='lat' dir='ltr'><strong>quo</strong></span> <span class='ocrx_word' id='word_1_346' title='bbox 2007 3204 2193 3259; x_wconf 83' lang='lat' dir='ltr'><strong>supra.</strong></span> 
     </span>
     <span class='ocr_line' id='line_1_66' title="bbox 1217 3258 2197 3339; baseline 0.001 -21"><span class='ocrx_word' id='word_1_347' title='bbox 1217 3266 1319 3319; x_wconf 75' lang='lat' dir='ltr'><strong>Hic</strong></span> <span class='ocrx_word' id='word_1_348' title='bbox 1350 3304 1367 3332; x_wconf 88' lang='lat'>‚</span> <span class='ocrx_word' id='word_1_349' title='bbox 1411 3258 1568 3339; x_wconf 80' lang='lat' dir='ltr'><strong>cujus</strong></span> <span class='ocrx_word' id='word_1_350' title='bbox 1624 3265 1828 3320; x_wconf 88' lang='lat' dir='ltr'><strong>mentio</strong></span> <span class='ocrx_word' id='word_1_351' title='bbox 1874 3285 2028 3319; x_wconf 88' lang='lat' dir='ltr'><strong>nunc</strong></span> <span class='ocrx_word' id='word_1_352' title='bbox 2076 3278 2159 3319; x_wconf 87' lang='lat' dir='ltr'><strong>est</strong></span> <span class='ocrx_word' id='word_1_353' title='bbox 2179 3302 2197 3331; x_wconf 88' lang='lat'>,</span> 
     </span>
    </p>
   </div>
   <div class='ocr_carea' id='block_1_12' title="bbox 148 3459 2210 4012">
    <p class='ocr_par' dir='ltr' id='par_1_13' title="bbox 148 3459 2210 4012">
     <span class='ocr_line' id='line_1_67' title="bbox 224 3459 2198 3529; baseline -0.002 -16"><span class='ocrx_word' id='word_1_354' title='bbox 224 3468 291 3513; x_wconf 83' lang='lat' dir='ltr'><strong>V.</strong></span> <span class='ocrx_word' id='word_1_355' title='bbox 313 3463 399 3525; x_wconf 83' lang='lat'><strong>76.</strong></span> <span class='ocrx_word' id='word_1_356' title='bbox 420 3459 618 3512; x_wconf 80' lang='lat' dir='ltr'><strong>Briseis.</strong></span> <span class='ocrx_word' id='word_1_357' title='bbox 643 3462 834 3512; x_wconf 83' lang='lat' dir='ltr'><strong>Contra</strong></span> <span class='ocrx_word' id='word_1_358' title='bbox 854 3464 1001 3512; x_wconf 85' lang='lat' dir='ltr'><strong>codd.</strong></span> <span class='ocrx_word' id='word_1_359' title='bbox 1030 3464 1215 3513; x_wconf 80' lang='lat' dir='ltr'><strong>multos</strong></span> <span class='ocrx_word' id='word_1_360' title='bbox 1240 3474 1292 3514; x_wconf 86' lang='lat' dir='ltr'><strong>et</strong></span> <span class='ocrx_word' id='word_1_361' title='bbox 1308 3473 1406 3512; x_wconf 86' lang='lat' dir='ltr'><strong>vet.</strong></span> <span class='ocrx_word' id='word_1_362' title='bbox 1437 3464 1594 3512; x_wconf 79' lang='lat' dir='ltr'><strong>schol.</strong></span> <span class='ocrx_word' id='word_1_363' title='bbox 1622 3462 1736 3529; x_wconf 83' lang='lat' dir='ltr'><strong>lego</strong></span> <span class='ocrx_word' id='word_1_364' title='bbox 1765 3478 1883 3511; x_wconf 81' lang='lat' dir='ltr'><strong>enm</strong></span> <span class='ocrx_word' id='word_1_365' title='bbox 1902 3460 2198 3512; x_wconf 75' lang='lat' dir='ltr'><strong>casaubono</strong></span> 
     </span>
     <span class='ocr_line' id='line_1_68' title="bbox 153 3540 2202 3603; baseline -0.002 -9"><span class='ocrx_word' id='word_1_366' title='bbox 153 3545 367 3603; x_wconf 79' lang='lat' dir='ltr'><strong>Briseis,</strong></span> <span class='ocrx_word' id='word_1_367' title='bbox 391 3560 502 3593; x_wconf 86' lang='lat' dir='ltr'><strong>non</strong></span> <span class='ocrx_word' id='word_1_368' title='bbox 525 3540 721 3600; x_wconf 70' lang='lat' dir='ltr'><strong>Briscei.</strong></span> <span class='ocrx_word' id='word_1_369' title='bbox 741 3544 919 3591; x_wconf 80' lang='lat' dir='ltr'><strong>Briseis</strong></span> <span class='ocrx_word' id='word_1_370' title='bbox 942 3546 1257 3593; x_wconf 82' lang='lat' dir='ltr'><strong>notissimum</strong></span> <span class='ocrx_word' id='word_1_371' title='bbox 1276 3545 1474 3593; x_wconf 76' lang='lat' dir='ltr'><strong>feminae</strong></span> <span class='ocrx_word' id='word_1_372' title='bbox 1495 3560 1682 3593; x_wconf 82' lang='lat' dir='ltr'><strong>nomen</strong></span> <span class='ocrx_word' id='word_1_373' title='bbox 1699 3561 1766 3592; x_wconf 83' lang='lat' dir='ltr'><strong>ex</strong></span> <span class='ocrx_word' id='word_1_374' title='bbox 1783 3547 2004 3592; x_wconf 81' lang='lat' dir='ltr'><strong>Homero</strong></span> <span class='ocrx_word' id='word_1_375' title='bbox 2025 3543 2202 3597; x_wconf 63' lang='lat' dir='ltr'><strong>etalii‘s</strong></span> 
     </span>
     <span class='ocr_line' id='line_1_69' title="bbox 152 3622 2202 3693; baseline -0.002 -18"><span class='ocrx_word' id='word_1_376' title='bbox 152 3627 319 3693; x_wconf 64' lang='lat' dir='ltr'><strong>poetis</strong></span> <span class='ocrx_word' id='word_1_377' title='bbox 332 3662 348 3686; x_wconf 94' lang='lat'><strong>,</strong></span> <span class='ocrx_word' id='word_1_378' title='bbox 367 3626 517 3691; x_wconf 79' lang='lat' dir='ltr'><strong>cnjus</strong></span> <span class='ocrx_word' id='word_1_379' title='bbox 534 3640 679 3672; x_wconf 80' lang='lat' dir='ltr'><strong>casus</strong></span> <span class='ocrx_word' id='word_1_380' title='bbox 695 3626 906 3673; x_wconf 85' lang='lat' dir='ltr'><strong>maxime</strong></span> <span class='ocrx_word' id='word_1_381' title='bbox 928 3625 1179 3691; x_wconf 76' lang='lat' dir='ltr'><strong>tragoediae</strong></span> <span class='ocrx_word' id='word_1_382' title='bbox 1200 3627 1470 3673; x_wconf 83' lang='lat' dir='ltr'><strong>convenire</strong></span> <span class='ocrx_word' id='word_1_383' title='bbox 1487 3636 1665 3689; x_wconf 86' lang='lat' dir='ltr'><strong>potest.</strong></span> <span class='ocrx_word' id='word_1_384' title='bbox 1685 3624 1790 3687; x_wconf 84' lang='lat' dir='ltr'><strong>Qui</strong></span> <span class='ocrx_word' id='word_1_385' title='bbox 1806 3626 1982 3688; x_wconf 73' lang='lat' dir='ltr'><strong>legunt</strong></span> <span class='ocrx_word' id='word_1_386' title='bbox 2002 3622 2202 3679; x_wconf 74' lang='lat' dir='ltr'><strong>Brisaei,</strong></span> 
     </span>
     <span class='ocr_line' id='line_1_70' title="bbox 150 3700 2200 3769; baseline -0.002 -15"><span class='ocrx_word' id='word_1_387' title='bbox 150 3706 342 3755; x_wconf 79' lang='lat' dir='ltr'><strong>volunt</strong></span> <span class='ocrx_word' id='word_1_388' title='bbox 360 3721 469 3754; x_wconf 81' lang='lat' dir='ltr'><strong>esse</strong></span> <span class='ocrx_word' id='word_1_389' title='bbox 488 3704 755 3769; x_wconf 81' lang='lat' dir='ltr'><strong>epitheton</strong></span> <span class='ocrx_word' id='word_1_390' title='bbox 774 3705 947 3765; x_wconf 81' lang='lat' dir='ltr'><strong>Accii,</strong></span> <span class='ocrx_word' id='word_1_391' title='bbox 964 3705 1109 3769; x_wconf 80' lang='lat' dir='ltr'><strong>qnasi</strong></span> <span class='ocrx_word' id='word_1_392' title='bbox 1126 3707 1276 3769; x_wconf 69' lang='lat' dir='ltr'><strong>poeta</strong></span> <span class='ocrx_word' id='word_1_393' title='bbox 1292 3704 1500 3753; x_wconf 82' lang='lat' dir='ltr'><strong>dixisset</strong></span> <span class='ocrx_word' id='word_1_394' title='bbox 1518 3705 1662 3753; x_wconf 78' lang='lat' dir='ltr'><strong>Accii</strong></span> <span class='ocrx_word' id='word_1_395' title='bbox 1677 3701 1906 3753; x_wconf 82' lang='lat' dir='ltr'><strong>Bacchiei</strong></span> <span class='ocrx_word' id='word_1_396' title='bbox 1921 3734 1936 3759; x_wconf 89' lang='lat'><strong>,</strong></span> <span class='ocrx_word' id='word_1_397' title='bbox 1958 3700 2200 3760; x_wconf 51' lang='lat' dir='ltr'><strong>furentis,</strong></span> 
     </span>
     <span class='ocr_line' id='line_1_71' title="bbox 155 3784 2202 3852; baseline -0.004 -13"><span class='ocrx_word' id='word_1_398' title='bbox 155 3808 185 3840; x_wconf 86' lang='lat' dir='ltr'><strong>a</strong></span> <span class='ocrx_word' id='word_1_399' title='bbox 208 3788 440 3847; x_wconf 83' lang='lat' dir='ltr'><strong>Baccho,</strong></span> <span class='ocrx_word' id='word_1_400' title='bbox 462 3787 558 3852; x_wconf 79' lang='lat' dir='ltr'><strong>qui</strong></span> <span class='ocrx_word' id='word_1_401' title='bbox 585 3787 798 3835; x_wconf 82' lang='lat' dir='ltr'><strong>Brisaeus</strong></span> <span class='ocrx_word' id='word_1_402' title='bbox 826 3786 989 3835; x_wconf 80' lang='lat' dir='ltr'><strong>dictus</strong></span> <span class='ocrx_word' id='word_1_403' title='bbox 1010 3797 1106 3845; x_wconf 81' lang='lat' dir='ltr'><strong>est3</strong></span> <span class='ocrx_word' id='word_1_404' title='bbox 1131 3786 1219 3834; x_wconf 83' lang='lat' dir='ltr'><strong>sed</strong></span> <span class='ocrx_word' id='word_1_405' title='bbox 1246 3786 1301 3834; x_wconf 90' lang='lat' dir='ltr'><strong>id</strong></span> <span class='ocrx_word' id='word_1_406' title='bbox 1327 3796 1618 3835; x_wconf 82' lang='lat' dir='ltr'><strong>contortum</strong></span> <span class='ocrx_word' id='word_1_407' title='bbox 1647 3785 1828 3842; x_wconf 84' lang='lat' dir='ltr'><strong>nimis,</strong></span> <span class='ocrx_word' id='word_1_408' title='bbox 1847 3799 1902 3831; x_wconf 84' lang='lat' dir='ltr'><strong>ac</strong></span> <span class='ocrx_word' id='word_1_409' title='bbox 1930 3784 2082 3848; x_wconf 79' lang='lat' dir='ltr'><strong>longe</strong></span> <span class='ocrx_word' id='word_1_410' title='bbox 2106 3800 2202 3851; x_wconf 90' lang='lat' dir='ltr'><strong>pe-</strong></span> 
     </span>
     <span class='ocr_line' id='line_1_72' title="bbox 148 3864 2202 3933; baseline -0.003 -13"><span class='ocrx_word' id='word_1_411' title='bbox 148 3864 571 3923; x_wconf 77' lang='lat' dir='ltr'><strong>titum.—-Aeei&#39;.</strong></span> <span class='ocrx_word' id='word_1_412' title='bbox 609 3870 722 3917; x_wconf 88' lang='lat' dir='ltr'><strong>Hoc</strong></span> <span class='ocrx_word' id='word_1_413' title='bbox 753 3869 899 3927; x_wconf 85' lang='lat' dir='ltr'><strong>loco,</strong></span> <span class='ocrx_word' id='word_1_414' title='bbox 924 3870 991 3917; x_wconf 81' lang='lat' dir='ltr'><strong>ita</strong></span> <span class='ocrx_word' id='word_1_415' title='bbox 1029 3868 1295 3933; x_wconf 82' lang='lat' dir='ltr'><strong>legendum</strong></span> <span class='ocrx_word' id='word_1_416' title='bbox 1311 3902 1325 3927; x_wconf 92' lang='lat'><em>‚</em></span> <span class='ocrx_word' id='word_1_417' title='bbox 1354 3884 1460 3916; x_wconf 90' lang='lat' dir='ltr'><strong>non</strong></span> <span class='ocrx_word' id='word_1_418' title='bbox 1491 3868 1594 3917; x_wconf 81' lang='lat' dir='ltr'><strong>alti.</strong></span> <span class='ocrx_word' id='word_1_419' title='bbox 1621 3866 1737 3914; x_wconf 80' lang='lat' dir='ltr'><strong>Vid.</strong></span> <span class='ocrx_word' id='word_1_420' title='bbox 1765 3880 1902 3929; x_wconf 80' lang='lat' dir='ltr'><strong>supr.</strong></span> <span class='ocrx_word' id='word_1_421' title='bbox 1939 3875 2202 3913; x_wconf 83' lang='lat' dir='ltr'><strong>comment.</strong></span> 
     </span>
     <span class='ocr_line' id='line_1_73' title="bbox 160 3946 2210 4012; baseline -0.005 -9"><span class='ocrx_word' id='word_1_422' title='bbox 160 3954 375 4005; x_wconf 88' lang='lat' dir='ltr'><strong>Colbert.</strong></span> <span class='ocrx_word' id='word_1_423' title='bbox 402 3955 455 4002; x_wconf 92' lang='lat'><strong>11</strong></span> <span class='ocrx_word' id='word_1_424' title='bbox 468 3985 489 4012; x_wconf 86' lang='lat'><em>,</em></span> <span class='ocrx_word' id='word_1_425' title='bbox 518 3948 570 3999; x_wconf 76' lang='lat' dir='ltr'><strong>et</strong></span> <span class='ocrx_word' id='word_1_426' title='bbox 581 3948 853 4000; x_wconf 81' lang='lat' dir='ltr'><strong>Thnaneus</strong></span> <span class='ocrx_word' id='word_1_427' title='bbox 872 3953 896 3999; x_wconf 93' lang='lat'>1</span> <span class='ocrx_word' id='word_1_428' title='bbox 912 3984 927 4011; x_wconf 86' lang='lat'>,</span> <span class='ocrx_word' id='word_1_429' title='bbox 952 3950 1088 4001; x_wconf 83' lang='lat' dir='ltr'><strong>Acci.</strong></span> <span class='ocrx_word' id='word_1_430' title='bbox 1115 3948 1242 4000; x_wconf 79' lang='lat' dir='ltr'><strong>eod.</strong></span> <span class='ocrx_word' id='word_1_431' title='bbox 1262 3959 1431 4009; x_wconf 81' lang='lat' dir='ltr'><strong>noster</strong></span> <span class='ocrx_word' id='word_1_432' title='bbox 1446 3983 1460 4009; x_wconf 85' lang='lat'>,</span> <span class='ocrx_word' id='word_1_433' title='bbox 1487 3947 1661 4007; x_wconf 76' lang='lat' dir='ltr'><strong>Brisei,</strong></span> <span class='ocrx_word' id='word_1_434' title='bbox 1679 3957 1729 3999; x_wconf 80' lang='lat' dir='ltr'><strong>et</strong></span> <span class='ocrx_word' id='word_1_435' title='bbox 1741 3981 1758 4011; x_wconf 86' lang='lat'>‚</span> <span class='ocrx_word' id='word_1_436' title='bbox 1776 3946 2007 3998; x_wconf 80' lang='lat' dir='ltr'><strong>hocloco</strong></span> <span class='ocrx_word' id='word_1_437' title='bbox 2023 3977 2038 4007; x_wconf 79' lang='lat'><strong>,</strong></span> <span class='ocrx_word' id='word_1_438' title='bbox 2063 3947 2210 4003; x_wconf 57' lang='lat' dir='ltr'><strong>Aeci„</strong></span> 
     </span>
    </p>
   </div>
  </div>
 </body>
</html>
