2775 4619
979 504 1374 570 SATIRA
1443 503 1494 566 Ι.

2176 507 2255 595 37

304 628 422 694 Nil
445 649 710 694 moror:
736 648 933 718 euge,
955 648 1182 692 omnes
1205 627 1449 692 etenim
1471 627 1637 692 bene
1660 627 1839 726 mirae
1862 629 2039 694 eritis
2058 651 2176 699 res.

309 743 456 808 Hoc
477 747 662 831 juvat
681 742 718 807 p,
737 740 897 824 Hic,
923 743 1144 832 inquis
1159 791 1178 824 ‚
1205 757 1354 807 veto
1380 741 1721 830 quisquam
1746 742 1903 808 faxit
1924 743 2189 809 oletum.

311 857 520 947 Pinge
550 857 717 923 duos
751 879 1026 946 angues:
1061 879 1295 939 ruam,
1333 879 1538 921 sacza
1572 877 1685 920 asa·
1719 879 1951 940 Locus3
1980 881 2193 924 ΗΜΛ

308 973 594 1040 Maura.
630 970 929 1038 Discedo,
967 973 1187 1038 secuit
1220 972 1513 1038 Lucilius
1550 971 1797 1038 Urbem
1810 1021 1831 1054 ‚

221 1181 366 1221 tatus
379 1179 462 1221 est
475 1179 661 1220 noster
672 1167 922 1220 satiricus
934 1203 950 1231 ‚
965 1178 1062 1220 sat.
1081 1166 1164 1218 IX
1182 1187 1197 1220 z

224 1255 430 1316 Puisque
445 1271 562 1301 vous
577 1256 623 1301 le
637 1256 818 1311 voulez‚
829 1256 878 1315 je
891 1254 987 1301 vais
1001 1254 1202 1318 changer

223 1393 274 1440 Ie
301 1325 568 1443 18ᾶὲἒὲἷὲ
599 1395 751 1451 donc3
785 1396 1012 1454 Quinanlt
1038 1403 1109 1441 est
1135 1409 1204 1441 un

341 1469 528 1530 Virgile
549 1484 561 1514 z

223 1538 406 1586 Ptadon
431 1553 616 1586 comme
641 1555 708 1584 un
733 1538 868 1586 soleil
883 1553 943 1584 en
960 1539 1048 1584 nos⁴
1071 1552 1156 1584 ans
1173 1551 1203 1584 a

223 1627 566 1730 Peuegssueerit
581 1682 740 1730 mieux
765 1680 1134 1743 qu’Ahlancourt
1150 1679 1202 1724 ni

224 1756 514 1872 (Σοῑὶιῖἲῖἒὲ
537 1839 748 1875 ,sermons
771 1823 974 1870 trainant
998 1831 1129 1868 toute
1153 1820 1201 1868 la

222 1905 570 2012 Fmdtizzeliots
596 1965 881 2012 d’auditeurs
903 1979 1025 2027 pour
1043 1961 1155 2009 aller
1171 1962 1199 2010 ὲ

342 2055 392 2086 sa
416 2039 570 2086 chaire
592 2055 604 2085 ι

223 2106 373 2152 Saufal
385 2118 456 2154 est
465 2107 513 2153 le
525 2107 703 2168 phenix
719 2107 801 2154 des
817 2105 982 2167 esprits
993 2103 1168 2151 releves
1180 2119 1194 2150 ε

219 2179 394 2225 Pei-rin.
415 2212 428 2225 .
449 2213 462 2225 .
486 2211 499 2225 .
514 2180 638 2234 Bon,
658 2195 772 2226 mon
787 2179 956 2240 esprit,
975 2191 1196 2240 contage,

340 2267 648 2313 poursmvez:

222 2323 340 2369 Mais
353 2339 412 2369 ne
424 2339 701 2383 voyez-vous
712 2338 796 2385 pas
811 2338 901 2387 que
919 2322 1019 2369 leur
1029 2332 1195 2386 troupe

339 2412 399 2441 en
416 2396 538 2443 furie

221 2468 294 2513 Va
317 2468 519 2529 prendre
552 2482 694 2515 ancor
722 2482 797 2515 ces
824 2480 924 2513 vers
951 2480 1073 2529 pour
1103 2479 1194 2511 une

253 2564 260 2573 ·
339 2538 540 2584 raillerie
553 2539 576 2582 P

223 2636 292 2646 --
307 2610 451 2657 Alba.
478 2604 550 2657 Id
575 2618 655 2659 est
674 2644 691 2672 ‚
718 2605 1112 2677 approbatione
1141 2616 1198 2657 et

219 2682 376 2735 laude
403 2682 584 2755 digna.
615 2684 682 2734 A.

295 2782 320 2816 1
332 2782 354 2815 1
367 2782 389 2816 1
403 2802 418 2816 .
445 2770 578 2815 Bene
597 2766 738 2815 m‘irae
753 2765 889 2814 eritis
908 2763 1018 2833 res.]
1043 2760 1196 2815 Ridi-

222 2850 340 2897 cula
375 2845 563 2898 versixs
601 2845 838 2899 clausula
850 2882 869 2910 ‚
898 2844 1197 2896 ridiculum

221 2924 592 2979 adulatoribus
615 2924 801 2978 omnia
821 2921 1198 2977 consentiendi

223 3007 510 3059 consilium
535 3020 664 3078 apte
691 3006 888 3079 pingit.
917 3006 1002 3062 P..

273 3105 296 3139 1
310 3106 387 3155 xa.
398 3092 502 3139 Hoc
499 3091 690 3157 juvem]
701 3088 952 3140 Placetne
962 3086 1060 3139 tibi
1073 3104 1200 3139 con-

221 3166 402 3219 silium
412 3166 743 3221 meumPhoc
757 3168 902 3219 enim
917 3186 948 3219 a
960 3185 1046 3219 me
1060 3167 1202 3239 petis
1278 3227 1283 3231 .

223 3248 246 3313 (
256 3245 391 3299 Gall.
404 3249 632 3299 &tes-vous
649 3244 878 3299 content?
887 3247 1106 3316 ).——H1⁴c,
1126 3250 1202 3297 in-

221 3329 346 3392 quis,
364 3342 502 3387 veto,
511 3342 598 3379 ete.
613 3328 843 3399 Nempe,
857 3328 964 3379 hoc
982 3326 1074 3391 ais,
1087 3326 1198 3377 scil.

217 3419 272 3459 te
295 3406 436 3463 velle
468 3426 574 3478 pro
604 3426 752 3460 sacro
783 3407 978 3459 sanctis
1000 3406 1201 3459 haberi

219 3486 498 3541 Neronem
533 3490 758 3559 ejusque
779 3505 1001 3552 versus3
1028 3488 1101 3540 ita
1133 3498 1198 3539 ut

219 3572 418 3637 grande
449 3569 600 3621 nefas
632 3570 702 3621 sit
739 3586 830 3621 eos
869 3567 1026 3621 flocci
1059 3586 1196 3639 pen·

221 3646 376 3715 dere,
399 3667 513 3701 non
529 3648 710 3701 minus
723 3686 740 3715 ,
757 3668 820 3703 ac
835 3649 879 3701 si
901 3649 1024 3721 quis
1037 3650 1196 3721 juxta

1279 1183 1469 1218 muros
1516 1165 1703 1238 templi
1730 1202 1747 1230 ‚
1782 1165 1872 1219 vel
1922 1165 2051 1220 oedis
2096 1185 2258 1220 sacra

1265 1249 1418 1318 faxit
1441 1251 1617 1298 oletum
1634 1285 1651 1308 ‚
1677 1246 1859 1300 alvum
1893 1259 2168 1300 exoneret.
2188 1246 2256 1298 C.

1357 1346 1380 1380 1
1393 1345 1416 1380 1
1427 1326 1472 1379 3.
1484 1331 1639 1396 Pinge
1654 1329 1775 1378 duos
1789 1329 2009 1394 angues]
2026 1327 2259 1398 Appone

1280 1408 1452 1480 igitur
1473 1406 1612 1460 duos
1638 1425 1837 1478 angues
1858 1404 2123 1457 indicium
2147 1405 2259 1458 loci

1281 1487 1400 1540 Deo
1411 1484 1497 1540 vel
1509 1483 1685 1537 Genio
1697 1483 1860 1536 alicui
1871 1482 2183 1535 consecrati.
2193 1483 2257 1536 C.

1280 1569 1497 1616 ——Duos
1524 1583 1728 1633 angues.
1768 1562 1996 1614 Nullum
2035 1561 2255 1630 locum,

1277 1657 1503 1699 auctore
1518 1643 1704 1698 Servio
1718 1681 1735 1708 ‚
1756 1643 1971 1713 antiqui
1991 1646 2271 1714 putarunt·

1280 1745 1391 1780 esse
1415 1727 1531 1779 sine
1549 1725 1727 1778 Genio
1744 1763 1761 1791 ‚
1785 1724 1878 1796 qui
1903 1743 2003 1796 per
2021 1743 2259 1795 anguem

1277 1825 1418 1880 soepe
1432 1805 1839 1870 ostendebatur;
1857 1817 1909 1858 et
1926 1805 2259 1876 templorum

1278 1887 1449 1940 muris
1462 1885 1786 1960 pingebatur
1794 1884 2001 1956 anguis,
2017 1897 2080 1935 ut
2095 1883 2257 1954 pueri
2330 1908 2338 1918 r

1279 1968 1460 2021 territi
1505 1967 1721 2038 pictura
1765 1965 2029 2037 serpentis
2067 1964 2256 2015 locum

1275 2049 1447 2102 veluti
1472 2066 1685 2101 sacrum
1704 2057 2095 2100 venerarentur
2110 2084 2125 2111 ,
2153 2063 2257 2098 nec

1276 2130 1336 2182 in
1361 2148 1429 2182 eo
1453 2129 1743 2194 meierent;
1761 2140 1937 2198 utque
1950 2126 2056 2179 viri
2074 2123 2257 2198 effigie

1274 2209 1571 2284 symbolica
1614 2209 1857 2261 numinis
1908 2206 2102 2259 moniti
2129 2244 2146 2271 ,
2188 2206 2257 2258 ab

1274 2289 1427 2345 omni
1444 2287 1761 2363 impuritate
1780 2284 2128 2340 abstinerent.
2145 2285 2256 2337 Ve-

1275 2382 1417 2423 teres
1436 2382 1616 2423 autem
1638 2381 1757 2441 tum
1779 2366 1956 2420 Groeci
1974 2404 1990 2431 ,
2014 2378 2133 2417 tum
2153 2365 2259 2415 Ro·

1274 2450 1453 2515 mani,
1492 2450 1595 2502 sub
1639 2450 1816 2520 specie
1863 2446 2163 2500 draconum
2203 2455 2257 2496 et

1273 2532 1590 2602 serpentum
1610 2529 1841 2581 coluisse
1856 2528 1999 2579 Deos
2014 2536 2222 2578 constat
2237 2561 2256 2589 ‚

1278 2630 1349 2665 ex
1376 2608 1642 2663 Herodot.
1672 2608 1771 2661 lib.
1804 2610 1831 2659 1
1855 2647 1871 2673 ‚
1900 2608 1959 2658 ΙΙ
1977 2643 1995 2669 ,
2025 2604 2255 2657 Pausan.

1279 2689 1525 2744 Corinth.
1544 2688 1741 2761 virgil.
1758 2683 1981 2739 Aeneid.
1994 2686 2069 2748 V,
2083 2704 2135 2738 v.
2158 2684 2223 2735 82
2238 2720 2257 2747 ,

1277 2770 1485 2824 Aelian.
1521 2768 1590 2821 de
1619 2768 1854 2820 Animal.
1891 2785 2010 2837 cap.
2050 2784 2077 2816 τι
2100 2802 2117 2829 ,
2153 2766 2255 2829 16,

1280 2869 1345 2921 17
1360 2888 1376 2915 ,
1397 2851 1544 2903 Plut.
1567 2848 1635 2901 de
1656 2847 1787 2901 Isid.
1811 2860 1866 2899 et
1884 2845 2029 2897 Osi'r.
2046 2856 2099 2896 et
2118 2842 2253 2895 ariis.

1233 2958 1250 2974 ο
1279 2932 1515 2981 —Pueri
1524 2968 1541 2989 ,
1566 2947 1705 2979 sacer
1729 2940 1799 2977 est
1828 2928 1979 2975 locus.
2004 2920 2257 2975 Prohibi-

1280 3009 1445 3063 tionis
1461 3006 1871 3077 formula.Calp.
1886 3004 2051 3075 eclog.
2068 3002 2125 3055 11
2143 3021 2157 3052 :

1283 3132 1296 3147 .
1319 3130 1333 3145 .
1357 3132 1368 3145 .
1393 3132 1405 3146 .
1436 3099 1505 3143 Ite
1531 3096 1719 3161 procul,
1744 3109 1870 3141 sacer
1900 3102 1971 3139 est
2000 3093 2159 3145 locus,
2193 3090 2258 3137 ite

1401 3167 1605 3232 profani.
2010 3164 2063 3209 C.
2084 3171 2131 3209 et
2150 3164 2203 3208 P.

1356 3266 1379 3307 1
1394 3254 1473 3311 14.
1491 3251 1652 3297 Extra
1678 3244 1873 3315 mejite]
1899 3242 2136 3296 Summae
2155 3240 2258 3292 im-

1275 3328 1494 3399 pietatis
1511 3327 1620 3381 fuit
1640 3323 1791 3398 apud
1814 3336 2025 3376 veteres
2052 3321 2108 3373 in
2134 3321 2259 3373 loco

1277 3429 1426 3462 sacro
1446 3410 1660 3462 urinam
1678 3408 1881 3471 facere3
1904 3402 2057 3476 quod
2077 3415 2261 3454 tamen

1274 3508 1374 3561 per
1389 3489 1659 3543 iasciviam
1681 3500 1734 3539 et
1754 3496 2138 3554 contemptum
2157 3498 2261 3531 nu-

1273 3568 1435 3620 minis
1458 3587 1488 3620 a
1508 3566 1696 3619 multis
1720 3564 1841 3615 fieri
1863 3563 2089 3633 legimus
2109 3556 2263 3629 apud

1273 3648 1713 3720 Aristophanem,
1728 3644 1761 3695 J
1764 3662 1931 3699 uveu.
1952 3652 2007 3692 et
2024 3640 2174 3691 alios.
2193 3636 2258 3691 C.

288 3819 351 3866 V.
385 3832 502 3865 ιιι.
529 3819 704 3866 Omnes
735 3818 910 3867 etenim
941 3818 1060 3866 bene
1087 3818 1226 3866 miroe
1263 3817 1396 3865 eritis
1429 3834 1519 3865 res.
1553 3819 1695 3872 Hanc
1730 3812 2006 3861 lectionem
2035 3808 2263 3857 revocavi

219 3917 281 3948 ex
313 3899 555 3948 omnibus
587 3899 689 3947 fere
730 3900 876 3948 codd.
905 3902 1021 3947 Vet.
1057 3898 1214 3947 schol.
1253 3898 1421 3958 solus,
1450 3910 1501 3945 et
1538 3907 1654 3961 post
1692 3910 1809 3942 eum
1837 3892 2053 3941 editores
2084 3892 2262 3955 legunt

224 3995 382 4041 omnes
394 4014 412 4036 ‚
441 3994 610 4026 omnes
646 3978 763 4026 bene
794 3978 933 4026 mirae
960 3976 1092 4025 eritis
1122 3994 1212 4026 res.
1237 3978 1358 4025 Non
1391 3977 1647 4041 inelegans
1668 3976 1760 4022 ista
1779 3972 2009 4037 repetitio
2027 3970 2183 4027 foret3
2212 3978 2264 4016 at

221 4070 388 4107 nostra
405 4059 563 4107 lectio
588 4060 964 4108 convenientior
982 4058 1108 4106 mihi
1125 4058 1320 4107 videtur
1341 4074 1352 4103 z
1382 4059 1547 4122 Euge,
1570 4055 1744 4120 inquit
1768 4056 1917 4118 poeta
1932 4088 1946 4113 ,
1970 4052 2045 4099 nil
2062 4058 2227 4099 mor'or
2236 4066 2261 4105 ,-

221 4128 395 4189 etenim
405 4175 424 4198 ,
448 4156 598 4202 nam,
620 4140 898 4205 extemplo,
927 4156 1092 4187 omnes
1121 4140 1241 4187 bene
1272 4136 1413 4187 mirae
1445 4136 1575 4187 eritis
1608 4152 1702 4189 res.
1723 4134 1847 4186 Cod.
1870 4144 2068 4183 noster:
2092 4132 2227 4194 Euge
2240 4163 2261 4185 ,

225 4236 384 4269 omnes
410 4218 558 4269 mira·
578 4219 696 4269 bene
711 4237 808 4286 per
829 4236 908 4269 me
927 4218 1062 4268 eritis
1083 4235 1177 4268 res.
