2775 4619
555 310 706 379 'Ex
752 313 1056 379 Lumo
1111 310 1371 378 xxv1
1421 312 1744 379 SATIR.
2058 315 2189 405 289

1041 440 1187 497 ‚LV
1203 440 1252 495 Ι.
1301 482 1310 490 .

211 543 504 617 Percrepa
531 500 794 617 pugnam
821 536 1074 615 Pompili
1103 536 1318 595 factam
1347 533 1587 609 Corneli
1614 555 1775 595 eane.

459 644 468 651 ”
1047 638 1096 691 L
1108 638 1162 691 V
1179 637 1208 691 1
1227 636 1274 691 I.

213 737 532 813 Luporum
561 744 936 792 exauctorem
966 732 1301 793 malvanum
1327 743 1391 790 et
1418 730 1823 810 fulguritatem
1848 696 2146 793 arborum.

1025 834 1073 889 L
1086 834 1138 887 V
1154 832 1184 887 1
1205 832 1232 887 1
1253 832 1300 886 Ι.

215 927 529 1008 Quodque
553 938 610 985 te
631 926 1110 1005 in'tranquillum
1125 946 1212 984 -εκ
1240 925 1405 985 saevis
1432 926 1707 987 transfert
1726 928 2186 1006 tempestatibus.

1063 1028 1112 1083 L
1129 1027 1160 1081 1
1176 1026 1256 1081 X.

220 1128 406 1182 Porro
435 1122 611 1181 amici
637 1136 726 1181 est
749 1122 901 1182 bene
929 1121 1244 1200 praecipere
1260 1162 1277 1193 ,
1307 1122 1459 1180 bene
1486 1121 1822 1201 predicare.

1091 1223 1140 1276 L
1157 1221 1235 1275 X.

226 1316 731 1396 Quandoquidem
756 1317 948 1397 reperi
975 1316 1200 1396 magnis
1227 1315 1755 1377 combibonum·ex
1782 1320 1989 1399 copiis.

1065 1418 1116 1473 L
1134 1418 1192 1473 X
1210 1417 1258 1472 Ι.
1974 1470 1979 1475 .

225 1514 560 1591 conjugem
585 1510 828 1571 infidam
843 1554 860 1583 ,
887 1512 1142 1577 flacitam
1172 1512 1455 1571 familiam
1474 1555 1491 1583 ,
1523 1476 1815 1591 impuram
1843 1514 2108 1574 domum.
2184 1464 2199 1555 i

1041 1614 1090 1668 L
1110 1613 1170 1669 X
1187 1614 1217 1669 1
1239 1613 1288 1669 Ι.

227 1711 351 1769 Nec
372 1670 622 1767 mininio
650 1720 710 1766 et
737 1705 1096 1787 presset-atur
1123 1727 1272 1786 pax,
1299 1707 1469 1788 quod
1490 1707 1881 1769 Cassandram
1896 1710 2063 1789 signo
2086 1709 2190 1771 de-

151 1806 355 1887 ripuit.
1007 1857 1015 1866 .
1057 1870 1062 1879 ,

1009 1906 1060 1964 L
1075 1904 1135 1963 X
1153 1908 1181 1963 1
1201 1908 1229 1963 1
1247 1908 1296 1965 1.

230 2000 634 2061 Domuitionis
653 2000 859 2079 cupidi
885 2001 1202 2079 imperium
1227 2004 1380 2082 regis
1407 2022 1557 2081 pene
1576 2003 2001 2063 imminuimus.

1036 2103 1084 2157 Ι.
1104 2102 1164 2159 Χ
1181 2103 1210 2157 Ι
1225 2102 1296 2157 V.
1968 2100 1978 2109 “

233 2198 456 2259 Evadat
483 2196 690 2263 saltem
713 2195 942 2275 aliquid
957 2196 1170 2274 aliqua
1185 2240 1202 2267 ‚
1231 2196 1401 2281 quod
1429 2208 1671 2259 conatus
1698 2218 1849 2257 sum.

649 2349 656 2356 .
1199 2297 1271 2353 V·
1333 2351 1342 2358 .

233 2393 388 2452 Illuc
416 2373 579 2452 oculi
608 2391 914 2451 deducunt
940 2298 1293 2470 ἰρείῗέᾳυε
1319 2393 1587 2451 animum
1608 2413 1742 2472 spes
1768 2393 1914 2451 illuc
1936 2392 2105 2471 rapit.

1051 2493 1103 2550 L
1119 2494 1182 2551 X
1193 2493 1244 2548 V
1256 2493 1306 2548 1.

235 2588 616 2648 vestimentis
643 2587 830 2666 frigus
857 2599 1036 2666 atque
1062 2586 1368 2647 horrorem
1400 2600 1745 2648 exacturum
1771 2601 1961 2666 putat.

1022 2689 1071 2742 L
1089 2687 1146 2744 X
1161 2687 1214 2742 V
1230 2686 1259 2740 1
1283 2687 1327 2740 1.

235 2783 360 2842 Nisi
386 2793 660 2862 portenta
683 2823 700 2852 ,
725 2800 1068 2860 anguesque
1091 2780 1362 2842 volucres
1380 2800 1453 2841 ac
1480 2781 1753 2858 pinnatos
1776 2781 2055 2848 scribitis<

287 2957 298 2974 N
993 2881 1042 2937 L
1059 2881 1118 2934 X
1130 2879 1182 2936 V
1199 2880 1227 2936 I
1247 2880 1276 2937 Ι
1293 2881 1342 2939 Ι.
1844 2951 1854 2960 ι

238 2981 363 3058 Ego
388 2977 546 3036 enim
572 2975 1022 3036 contemnificus
1052 2975 1178 3046 fieri
1192 3017 1210 3047 ,
1239 2989 1297 3034 et
1327 2975 1589 3034 fastidire
1614 2975 2091 3054 Agamemnonis.

231 3195 316 3244 56.
344 3193 571 3242 Nonius:
597 3193 800 3258 Crepare
816 3227 830 3246 ,
853 3207 1048 3241 sonare.
1293 3191 1377 3239 62.
1393 3180 1923 3258 NoniuszProsfer-ari,
1932 3194 2199 3258 impetrari.

233 3275 263 3321 5
268 3291 316 3334 7.
337 3274 560 3322 Nonius:
581 3273 873 3337 Fulgurivit,
893 3273 1140 3338 fulgorem
1292 3273 1375 3322 63.
1404 3273 1628 3322 Nonius:
1660 3275 2059 3322 Domuitionem.

157 3355 275 3406 feeit
289 3389 304 3414 ‚
323 3363 374 3402 et
391 3355 602 3402 fulmine
619 3351 821 3402 afflavit.
1291 3354 1380 3415 64.
1429 3354 1628 3404 Nonius
1665 3371 1677 3401 :
1722 3355 1938 3402 Evadere
1960 3389 1980 3414 ,
2028 3339 2162 3419 exire
2182 3389 2197 3414 ,

230 3435 316 3485 58.
347 3435 483 3484 Non.
515 3437 700 3482 Saevum
728 3432 913 3480 dicitur
933 3432 1138 3482 immite.
1216 3435 1437 3483 tendere.
1732 3492 1737 3498 .

232 3513 315 3576 59.
330 3513 533 3564 Nonius
551 3531 562 3560 :
583 3511 852 3576 Proeeipen’
864 3521 938 3560 est
944 3511 1141 3576 jubere,
1293 3514 1380 3562 65.
1412 3513 1641 3563 Nonius:
1662 3514 1933 3562 Deduc-tum
1948 3547 1965 3570 ,
1987 3512 2198 3560 delecta·
2250 3540 2260 3543 <

157 3595 235 3644 vel
257 3609 477 3646 monere.
1219 3596 1360 3643 tione
1385 3595 1614 3644 ductum.

230 3674 312 3722 60.
332 3675 553 3745 Nonius:
575 3672 922 3730 Οοηιόἰόοηεε,
942 3687 1143 3738 compo·
1291 3675 1377 3722 66.
1410 3677 1543 3724 Non.
1573 3675 1785 3743 Exigere
1811 3684 1887 3722 est
1905 3672 2195 3725 excludere.

159 3761 288 3802 tores
313 3770 344 3802 ι
369 3752 710 3802 combibendo
737 3754 875 3802 dieti.
1295 3754 1378 3814 67.
1419 3755 1616 3804 Nonius
1646 3772 1658 3802 ε
1698 3758 1928 3804 Portenta
1974 3763 2166 3802 ostenta
2182 3787 2197 3814 ,

229 3838 314 3884 61.
341 3836 572 3886 Nonius:
595 3839 842 3902 Impurus,
867 3845 942 3887 est
973 3834 1142 3900 aliquo
1221 3849 1336 3904 guoe
1361 3835 1553 3899 aliquid
1578 3837 1839 3884 imminere
1865 3835 2156 3902 significant.

160 3915 280 3965 vitio
309 3916 605 3966 maculatus.
881 3987 888 3992 ι
1040 3911 1043 3916 ”
1295 3916 1380 3963 68.
1409 3916 1641 3967 Noninsz
1670 3918 2083 3988 Contemnficum.

1765 4040 1853 4102 19.
