2775 4619
523 364 527 369 ¹
576 376 703 465 178

1089 375 1168 438 A.
1225 372 1604 439 PERSII
1661 332 2046 441 FLACCI

660 498 919 563 Manius
954 496 1063 561 hic
1099 498 1350 586 generis
1378 519 1587 585 prope
1621 499 1828 585 major
1859 498 2222 565 avunculus
2254 501 2406 566 exit.

2537 514 2628 565 60

660 611 794 696 Qui
821 612 1002 701 prior
1028 606 1095 677 es
1112 659 1131 692 ‚
1158 633 1277 675 cur
1306 634 1410 676 me
1436 612 1507 675 in
1535 609 1811 677 decursu
1835 612 2132 702 lampada
2152 616 2427 705 poscas?

655 727 815 792 Sum
842 726 966 791 tibi
996 726 1394 791 Mercurius:
1418 728 1610 792 venio
1635 728 1810 793 Deus
1837 729 1968 793 huc
1987 752 2108 819 ego
2122 779 2143 812 ‚
2169 747 2246 795 ut
2269 731 2380 796 ille

473 913 485 926 ”’
567 934 621 974 et
648 920 867 972 Manius
896 918 998 971 filii
1037 930 1191 971 terrae
1226 931 1384 979 sunt3
1415 936 1543 988 ergo

564 1004 711 1055 inter
728 1020 784 1053 se
807 999 1051 1072 cognati,
1034 1018 1050 1032 ·
1074 1017 1201 1071 ergo
1223 1017 1444 1071 quoque
1461 1000 1544 1050 in-

567 1095 649 1135 ter
680 1100 765 1133 me
796 1092 849 1133 et
876 1080 1121 1133 Manium
1150 1090 1321 1131 exstat
1345 1098 1542 1149 cogna-

565 1163 664 1224 tio.
684 1158 939 1213 Facetum
952 1173 1355 1239 argumentum.
1372 1160 1543 1211 Eter-

561 1260 623 1296 ra
656 1253 835 1295 autem
873 1254 1028 1293 natos
1064 1239 1310 1293 homines
1341 1237 1544 1292 docue-

560 1333 695 1375 runt
704 1317 1067 1392 Empedocles
1084 1332 1139 1373 et
1152 1319 1273 1384 alii;
1296 1337 1368 1371 ex.
1383 1318 1541 1389 aquis

560 1421 693 1457 vero
733 1400 949 1455 Thales.
996 1400 1139 1453 Hinc
1180 1400 1345 1471 igitur
1384 1412 1540 1455 terras

560 1482 661 1534 filii
706 1481 1048 1553 nuncupati,
1077 1496 1317 1551 quorum
1366 1497 1539 1550 genus

559 1562 931 1635 ignorabatur.
964 1558 1095 1612 vid.
1122 1579 1247 1631 sup.
1276 1560 1365 1631 57.
1398 1560 1472 1611 P.-

632 1646 725 1696 60.
765 1645 975 1693 Manius.
990 1679 1003 1692 .
1016 1680 1028 1692 .
1042 1680 1056 1692 .
1085 1643 1248 1710 major
1276 1644 1542 1693 avunculus

559 1722 707 1793 exin]
747 1723 857 1774 Ista
892 1720 1100 1773 ratione
1142 1720 1357 1773 Manius
1403 1719 1542 1773 mihi

560 1815 823 1874 cognatus
849 1802 1116 1872 probatur
1140 1818 1287 1865 esse,
1269 1818 1283 1831 ·
1307 1817 1420 1851 non
1445 1798 1540 1852 ille

560 1880 785 1955 quidem
802 1880 1113 1951 proximus,
1135 1877 1230 1931 sed
1249 1891 1428 1931 tamen
1448 1880 1560 1930 co·'

460 2028 465 2033 ·
556 1976 767 2034 gnatus.
755 1962 953 2032 .Major
970 1958 1279 2011 avunculus
1298 1957 1458 2009 Festo
1479 1970 1537 2009 et

534 2041 953 2115 jurisconsultis
1000 2051 1082 2091 est
1131 2037 1218 2090 avi
1268 2050 1363 2090 aut
1403 2038 1534 2091 avim

556 2122 883 2177 avunculus.
900 2131 967 2173 at
972 2118 1237 2171 Suetonio
1254 2130 1337 2171 est
1348 2117 1538 2171 matris

556 2200 883 2264 avunculus.
915 2200 980 2252 C.

631 2284 721 2333 61.
747 2283 846 2347 Qui
851 2282 997 2350 prior
1015 2278 1097 2350 ea]
1126 2276 1209 2332 Ad
1228 2276 1534 2350 legitimum

558 2361 819 2416 heredem
834 2360 1003 2426 redit,
1018 2373 1071 2412 et
1086 2360 1191 2414 ait:
1207 2372 1271 2412 tu
1287 2359 1385 2430 qui
1399 2359 1534 2412 mihi

556 2442 923 2514 propinquior
936 2460 992 2494 es
1005 2446 1168 2512 quam
1176 2441 1420 2504 Manius,
1435 2459 1535 2495 cur

522 2580 527 2584 ¹
558 2521 630 2574 de
641 2541 757 2575 mea
764 2519 1063 2574 hereditate
1075 2519 1209 2574 adeo
1219 2519 1534 2572 sollicitaris.

492 2670 495 2673 Ι
559 2603 695 2654 Alii·
680 2613 1109 2674 interpretantur
1121 2601 1273 2653 aliter
1280 2603 1534 2670 quiprior5

559 2671 678 2734 scil.
699 2691 761 2732 tu
788 2679 885 2751 qui
908 2697 965 2732 es
991 2690 1144 2732 aetate
1172 2681 1343 2749 major
1370 2683 1536 2749 quam

560 2778 660 2832 ego
688 2778 809 2812 sum
824 2796 843 2823 ,
880 2777 979 2812 cur
996 2796 1013 2824 ,
1044 2771 1149 2810 etc.
1182 2755 1329 2823 Sed,
1362 2770 1425 2809 ut
1459 2758 1536 2810 ait

559 2839 912 2893 casaubonus
923 2878 940 2904 ‚
960 2839 1100 2892 nihil
1116 2796 1373 2910 praecedit
1386 2837 1536 2890 unde

558 2922 665 2976 hoc
690 2920 971 2986 eliciatur;
996 2937 1179 2992 neque
1204 2937 1419 2990 semper
1442 2938 1537 2974 ve·

561 3020 688 3056 rum
710 3013 800 3054 est.
814 3032 885 3042 —
899 3005 997 3054 Cur
1015 3021 1093 3052 me
1112 3003 1165 3051 in
1186 3003 1392 3052 decursu
1413 3005 1536 3052 lam-

550 3085 697 3152 pada
706 3102 896 3148 poscas.
910 3083 979 3134 In
991 3081 1255 3152 agonibus
1264 3079 1538 3153 λαμπαδη-

564 3159 773 3234 ὃρομίας
790 3199 807 3227 ,
834 3166 960 3216 cum
981 3181 1225 3216 accensas
1247 3161 1409 3216 toedas
1429 3181 1540 3214 ma-

561 3242 726 3296 nibus
745 3253 993 3295 tenentes
1012 3242 1304 3297 currebant
1318 3279 1335 3306 ,
1356 3255 1538 3312 poste-

548 3322 680 3386 ¹rior
707 3340 897 3375 cursor
922 3322 1091 3375 facem
1116 3322 1370 3394 poscebat
1387 3323 1538 3392 prio-

564 3421 701 3466 rem3
711 3421 822 3456 non
836 3416 1023 3456 contra
1041 3424 1055 3456 z
1074 3401 1345 3475 lampades
1360 3416 1548 3459 autem

567 3483 855 3538 tradebant
874 3503 986 3536 non
1006 3497 1313 3546 currentes,
1332 3481 1430 3534 sed
1449 3482 1542 3536 de-

566 3583 729 3618 curso
768 3563 978 3629 stadio;
1009 3563 1150 3617 sicut
1187 3561 1544 3620 hereditatem

1621 918 1788 972 tradit
1813 957 1831 982 ‚
1865 937 1980 973 non
2017 922 2116 993 qui
2149 922 2287 977 vivit
2310 962 2328 989 ‚
2362 923 2461 977 sed
2503 927 2624 997 qui

1620 1012 1786 1053 vixit:
1807 1014 1880 1053 ita
1897 1003 2083 1053 versus
2103 1002 2263 1055 istius
2281 1022 2466 1057 sensus
2485 1017 2578 1057 est
2601 1025 2618 1054 ε

1620 1090 1684 1131 tu
1705 1080 1802 1150 qui
1821 1080 1956 1131 mihi
1974 1080 2204 1152 propior
2221 1100 2277 1133 es
2295 1083 2478 1145 heres,
2501 1101 2624 1136 cur

1619 1179 1740 1224 me,
1761 1158 1895 1213 dum
1913 1161 2092 1215 adhuc
2112 1181 2304 1226 curro,
2322 1162 2460 1217 dum
2476 1166 2622 1220 vitae

1621 1240 1958 1294 curriculum
1971 1259 2103 1312 ago,
2117 1242 2364 1314 lampada
2379 1244 2625 1315 poscas?

1619 1319 1919 1391 Allegorice
1935 1360 1952 1387 ‚
1980 1339 2086 1392 pro
2117 1338 2252 1386 cur,
2273 1322 2410 1375 dum
2437 1324 2573 1379 vivo
2597 1362 2622 1386 ‚

1617 1399 1976 1455 hereditatem
2021 1420 2196 1454 meam
2239 1422 2269 1455 a
2313 1422 2400 1455 me
2437 1406 2617 1475 petis.

1617 1481 1906 1552 Lampadis
1933 1495 2118 1537 autem
2153 1484 2256 1537 tria
2287 1498 2440 1537 erant
2469 1486 2625 1540 festa

1619 1560 1769 1631 apud
1786 1562 2140 1626 Athenienses
2153 1600 2172 1629 ,
2192 1576 2256 1616 ut
2282 1565 2357 1616 ait
2373 1564 2582 1619 Suidas
2597 1605 2618 1633 ,

1617 1640 1972 1695 Panathenaea
1986 1681 2004 1707 ,
2037 1644 2308 1696 Vulcania
2323 1681 2341 1709 ,
2378 1644 2622 1699 Prome·

1619 1722 1760 1775 thea.
1793 1724 1874 1775 De
1915 1722 2231 1776 Promethei
2261 1723 2424 1777 sacris
2439 1762 2458 1788 ‚
2497 1726 2624 1779 hoc

1617 1801 1740 1854 loco
1774 1803 1950 1873 agitur
1971 1840 1990 1865 ,
2027 1802 2088 1855 in
2135 1802 2338 1874 quibus
2371 1809 2624 1875 juvenes

1615 1900 1862 1935 accensas
1901 1881 2063 1937 taedas
2103 1896 2369 1954 gestantes
2403 1881 2618 1937 decur-

1613 1960 1807 2016 rebant
1823 2000 1840 2028 ‚
1860 1963 2248 2033 certabantque
2263 2002 2280 2029 ‚
2303 1965 2428 2035 quis
2447 1966 2621 2035 prior

1613 2040 1683 2095 ad
1722 2062 1953 2115 scopum
1987 2044 2292 2115 perveniret
2311 2082 2330 2107 ‚
2360 2062 2476 2095 non
2517 2063 2622 2097 ex-

1615 2122 1785 2175 tincta
1829 2122 1964 2175 face.
2012 2122 2228 2174 Primus
2277 2120 2617 2193 defatigatus

1613 2204 1871 2277 proximo
1882 2242 1897 2266 ,
1908 2204 1954 2255 is
1965 2215 2155 2274 postea
2169 2202 2412 2255 defessus
2423 2203 2589 2257 alteri
2598 2241 2618 2266 ‚

1616 2298 1670 2338 et
1693 2283 1952 2356 deinceps
1970 2283 2108 2338 alius
2135 2283 2226 2336 alii
2251 2281 2502 2336 tradebat
2519 2302 2616 2337 ar-

1614 2364 1835 2418 dentem
1861 2366 2052 2419 facem.
2076 2361 2205 2416 Vid.
2224 2363 2380 2416 Alex.
2401 2361 2501 2414 lib.
2529 2365 2616 2428 V,

1615 2464 1737 2517 cap.
1765 2444 1817 2497 8.
1845 2443 2024 2518 Hujus
2051 2441 2470 2498 consuetudinis
2491 2462 2617 2496 me·

1615 2526 1897 2578 minerunt
1925 2527 2104 2577 Varro
2121 2562 2140 2587 ,
2179 2525 2268 2577 111
2286 2561 2304 2588 ‚
2339 2541 2438 2593 cap
2495 2527 2566 2576 16
2594 2560 2615 2587 ,

1614 2606 1726 2658 Cic.
1747 2605 1815 2658 ad
1843 2605 2045 2657 Heren.
2069 2605 2175 2668 IV,
2196 2617 2254 2657 et
2281 2615 2410 2656 ante
2436 2603 2572 2655 illos
2590 2639 2611 2667 ‚

1614 2685 1838 2738 Lucret.
1857 2685 1954 2736 lib.
1975 2686 2035 2737 II
2051 2721 2070 2748 ‚
2091 2704 2145 2739 v.
2169 2703 2236 2755 77
2258 2703 2274 2735 ι

1611 2783 1762 2846 Inque
1777 2783 1912 2829 brevi
1929 2783 2078 2844 spatio
2095 2790 2333 2828 innuatur
2350 2779 2486 2826 nacla
2505 2780 2608 2826 ani·

1737 2864 1969 2909 mantum,

1615 2926 1676 2972 Et
1706 2924 1840 2986 quasi
1871 2939 2078 2971 cursores
2105 2922 2220 2969 vitai
2249 2921 2468 2984 lampada
2503 2933 2606 2968 tra-

1739 2995 1872 3040 dunt.
2302 2994 2355 3039 C.
2378 3000 2426 3038 et
2447 2993 2500 3037 P.

1689 3087 1779 3136 62.
1827 3090 1941 3135 Sum
1988 3085 2079 3132 eibi
2122 3083 2431 3149 Mercurius]
2473 3080 2606 3144 Quo

1617 3165 1801 3217 animo
1820 3163 1992 3236 recipi
2019 3161 2254 3214 debeant
2276 3159 2610 3213 hereditates

1619 3243 1890 3296 ostendit:
1913 3241 2023 3295 scil.
2060 3255 2122 3294 ut
2149 3241 2293 3292 bona
2321 3241 2606 3310 inexspec-

1623 3336 1762 3387 tata,
1788 3341 1909 3394 quae
1935 3322 2078 3374 forte
2101 3319 2161 3372 in
2180 3320 2282 3372 viis
2307 3319 2604 3372 inveniun-

1623 3416 1732 3456 tur.
1754 3403 1838 3454 Ne
1859 3402 2029 3474 igitur
2052 3418 2226 3452 meam
2245 3397 2606 3451 hereditatem

1623 3497 1687 3536 ut
1705 3484 1805 3536 tibi
1817 3481 2086 3534 debitam'
2065 3500 2178 3552 jam
2189 3497 2340 3530 nunc
2354 3478 2601 3529 intuere·
2585 3514 2604 3540 ,

1621 3560 1716 3615 sed
1734 3561 1878 3633 finge
1897 3578 1984 3614 me
2003 3577 2115 3612 esse
2127 3555 2492 3619 Mercurium,
2507 3551 2604 3626 qui

636 3738 703 3782 V.
732 3735 820 3783 60.
843 3733 976 3782 Erit.
1000 3735 1077 3780 Ita
1095 3748 1268 3782 omnes
1294 3732 1440 3780 codd.
1467 3742 1518 3780 et
1543 3731 1683 3780 editt.
1711 3731 1944 3795 amiqua.
1961 3731 2077 3778 Vct.
2093 3725 2251 3776 schol.
2269 3735 2321 3772 et
2349 3723 2568 3774 editores
2589 3754 2604 3778 ,

564 3827 758 3866 exstat:
784 3814 950 3862 minus
975 3813 1105 3862 bene
1120 3848 1135 3873 ‚
1164 3823 1341 3861 nostro
1362 3813 1577 3877 judicio.

636 3915 704 3960 V.
744 3913 830 3960 61.
867 3911 1138 3976 Lampada.
1168 3913 1374 3960 Puteum..
1412 3921 1466 3960 at
1493 3910 1732 3962 Mazarin.
1769 3908 1918 3959 codd.
1949 3901 2474 3972 Mamuda—Poscis
2505 3913 2598 3966 pro

458 4013 461 4016 ’
522 4069 529 4076 1
557 4010 733 4062 poscas
758 3993 948 4044 habent
970 3993 1229 4046 nonnulli.
