2775 4619
709 610 1246 731 ‚SAT-IRA
1317 645 1488 735 VI.

870 858 956 905 IN
1007 822 1356 907 Amisos,

180 980 634 1108 Anuovn·
662 1036 796 1123 jam
829 1034 1064 1101 bruma
1096 1037 1371 1123 focote,
1402 1040 1631 1123 Basse,
1660 1040 1937 1129 Sabin03

174 1153 217 1218 J
220 1174 428 1217 amne
454 1152 592 1240 lyra
608 1196 627 1232 ,
656 1166 722 1217 et
750 1150 978 1217 tetrico
1006 1152 1233 1219 vivunt
1259 1154 1382 1219 tibi
1414 1156 1670 1243 pectine
1697 1158 1957 1225 chordae
1980 1159 2012 1223 Ρ

165 1364 222 1399 1.
259 1344 497 1395 Admovit
501 1346 615 1412 jam
637 1344 809 1393 bruma
813 1341 976 1411 foca]
1001 1343 1090 1398 In-

85 1435 377 1496 terpretes
395 1422 643 1495 plerique
669 1422 912 1494 primum
938 1423 1089 1475 hunc

81 1522 326 1560 versum
372 1521 500 1556 cum
546 1503 972 1574 interrogatione
1009 1502 1086 1555 le-

83 1598 272 1658 gunt‚
311 1594 378 1637 ut
413 1584 482 1636 sit
523 1580 710 1637 sensus
745 1602 760 1635 ε
797 1585 1013 1655 jamne,
1049 1586 1085 1635 ὀ

83 1670 257 1721 Basse
283 1705 302 1734 ,
339 1666 536 1719 bruma
575 1676 630 1718 te
676 1663 919 1719 admovit
962 1663 1084 1717 foco

85 1748 308 1801 Sabino
335 1745 360 1797 ἲ
396 1746 616 1810 hamne,
655 1748 691 1797 ὀ
737 1745 919 1810 Basse,
949 1745 1085 1797 mire

85 1816 308 1881 artifex
334 1823 630 1878 intendisse
665 1824 906 1878 numeris
937 1839 1085 1879 vete-

85 1927 224 1960 rum
253 1903 558 1978 primordia
587 1922 814 1970 vocum,
835 1918 953 1957 etc.1
968 1904 1086 1976 lyra

85 2000 190 2041 tua
213 2000 272 2056 et
291 1985 511 2041 chordae
530 1987 723 2040 vivunt
749 1985 848 2038 tibi
867 1986 1086 2057 pectine

87 2067 301 2121 tetrico
336 2066 361 2117 ?
398 2068 481 2119 Ita
525 2078 605 2119 est
654 2065 860 2138 phrasis
913 2065 1085 2117 totius

86 2148 259 2201 ordo.
299 2149 371 2199 At
428 2166 526 2219 ego
581 2146 820 2219 primum
863 2162 1084 2198 versum

85 2228 374 2301 positive,
403 2244 586 2299 neque
613 2225 768 2278 aliter
791 2220 1086 2296 legendum

84 2327 300 2364 censeo
318 2347 335 2373 ,
371 2312 432 2365 ea
459 2327 668 2381 ‘nempe
694 2307 865 2360 fretus
903 2304 1083 2377 opini-

85 2409 204 2444 one
221 2429 238 2455 ,
271 2389 476 2442 scilicet
494 2428 511 2454 ,
539 2401 686 2442 extra
720 2387 1087 2444 verisimilitu-

86 2471 292 2525 dinem
331 2489 443 2524 esse
472 2471 720 2524 Persium
752 2469 820 2524 ad
848 2469 1082 2522 amicum

84 2553 432 2606 scribentem
464 2551 672 2605 nescire
700 2568 810 2622 quo
838 2550 962 2601 loco
983 2548 1080 2600 sit:

83 2641 244 2682 ratus
258 2640 520 2700 praeterea
529 2666 544 2690 ‚
555 2628 696 2680 hanc
709 2626 1084 2696 interrogatio·

84 2729 226 2763 nem
255 2727 373 2761 non
395 2707 533 2761 adeo
561 2706 908 2760 necessariam
933 2723 1046 2757 esse
1062 2741 1079 2769 ,

87 2786 1080 2861 quimeisublataenihilominusrectc

83 2873 230 2924 flua’t
260 2870 452 2923 oratio.
483 2871 599 2933 Ita,
622 2879 808 2920 nostro
835 2865 1078 2938 judicio:

87 2951 393 3024 quoniam,
415 2953 449 3003 ὁ
469 2950 627 3002 Basse
641 2988 658 3013 ,
676 2951 788 3021 jam
810 2947 1006 3000 brunia
1026 2957 1081 2999 te

85 3032 340 3085 admovit
361 3031 486 3084 foco
508 3029 709 3082 Sabino
725 3048 743 3096 ;
762 3031 944 3100 jamne
963 3028 1081 3100 lyra

89 3124 185 3163 tua
214 3107 403 3164 vivit?
429 3107 696 3161 vivuntne
729 3104 831 3158 tibi
862 3103 1082 3158 chorda

87 3192 319 3262 pectine
337 3189 534 3242 tetrico
548 3187 572 3239 Ξ)
586 3189 722 3240 mire
745 3186 926 3257 opifex
938 3225 954 3251 ,
973 3199 1078 3239 etc.

87 3303 164 3312 —
179 3279 330 3324 Foco.
342 3308 356 3321 .
368 3308 381 3321 .
395 3308 408 3321 .
456 3272 656 3322 Sabino.
703 3267 935 3320 Romani
973 3267 1078 3320 viri

89 3351 244 3406 docti
261 3391 278 3418 ,
301 3352 403 3424 qui
429 3363 796 3422 tempora=sua
821 3349 966 3401 inter
985 3367 1081 3401 ne·

85 3433 240 3504 gotia
259 3443 316 3484 et
336 3430 521 3484 studia
537 3427 884 3492 dividebant,
903 3446 933 3480 a
948 3425 1080 3480 Vul-

71 3503 392 3573 ⁰canalibus,
401 3512 530 3563 cum
538 3513 648 3583 jam
660 3519 944 3581 coeperunt
953 3525 1082 3560 noc-

87 3607 170 3648 tes
203 3593 331 3647 fieri
363 3590 746 3664 productiores
761 3629 777 3657 ,
805 3590 946 3642 circa
975 3590 1081 3642 Au-

85 3673 240 3745 gusti
278 3673 452 3726 finem
471 3710 489 3736 ‚
523 3673 827 3738 lucubrare·
851 3671 1080 3743 incipie-

85 3756 248 3809 bant.
267 3751 446 3807 Iidem
458 3751 527 3805 ad
541 3752 692 3808 villas
706 3789 723 3819 ,
737 3771 850 3806 non
868 3764 1080 3806 tantum

1167 1343 1497 1401 valetudinis
1532 1342 1715 1400 et‘otii
1749 1352 1934 1414 causa,
1967 1364 2024 1407 et
2047 1372 2147 1421 per

1167 1439 1405 1480 aestatem
1435 1426 1684 1482 secedere
1726 1432 1971 1485 solebant
1994 1470 2013 1499 ,
2050 1434 2147 1488 sed

1169 1508 1365 1578 quovis
1413 1520 1660 1580 tempore
1686 1548 1703 1575 ,
1751 1522 1811 1564 ut
1860 1512 2044 1566 studio
2090 1527 2147 1569 et

1165 1586 1380 1657 scriptis
1417 1586 1798 1661 indulgerent,
1831 1592 1980 1663 quod
2020 1610 2147 1646 con-

1163 1678 1266 1719 stat
1283 1686 1354 1719 ex
1371 1667 1519 1720 Tull.
1548 1670 1707 1741 epist.
1728 1670 1798 1723 ad
1814 1673 1973 1724 Attic.
1993 1673 2145 1726 Suet.

1163 1746 1220 1801 in
1244 1749 1383 1819 Aug.
1417 1750 1601 1803 Horat.
1630 1764 1685 1804 et
1717 1752 1850 1805 aliis.
1885 1753 2027 1807 Inde
2056 1774 2148 1825 ap·

1162 1842 1317 1899 paret
1341 1829 1473 1881 huic
1499 1831 1657 1883 Basso
1686 1831 1851 1884 fuisse
1877 1834 2058 1885 villam
2084 1836 2146 1887 in

1163 1908 1383 1979 regione
1404 1909 1751 1963 Sabinorum.
1763 1918 2003 1965 —Basse.
2018 1914 2146 1965 Plu-

1163 2006 1246 2041 res
1280 2000 1423 2043 certe
1456 1990 1682 2043 fuerunt
1709 1992 1875 2064 hujus
1909 1994 2147 2047 nominis

1164 2067 1282 2123 viri.
1301 2070 1383 2123 De
1400 2068 1618 2126 Aufidio
1644 2072 1803 2123 Basso
1819 2109 1836 2136 ,
1858 2071 1989 2123 belli
2015 2072 2148 2127 Ger-

1162 2148 1360 2201 manici
1393 2150 1655 2221 scriptore
1670 2188 1687 2213 ,
1705 2150 1955 2223 loquitur
1972 2152 2149 2217 Quin·

1163 2229 1382 2283 tilianus
1396 2269 1413 2296 ,
1435 2242 1489 2284 et
1508 2229 1577 2285 de
1590 2231 1763 2285 Saleio
1775 2232 1935 2285 Basso
1948 2272 1965 2299 ,
1986 2235 2146 2306 epico

1161 2317 1355 2382 poeta,
1377 2330 1541 2385 quem
1560 2312 1707 2367 idem
1727 2313 1941 2379 laudat,
1961 2316 2056 2367 lib.
2070 2317 2146 2383 X,

1163 2408 1278 2462 cap.
1305 2409 1354 2444 1.
1383 2393 1449 2444 A.
1474 2391 1683 2445 Gellius
1708 2391 1773 2444 C.
1793 2393 1939 2446 Bassi
1958 2399 2145 2448 memi-

1135 2524 1142 2534 ,
1162 2469 1246 2522 nit
1262 2508 1279 2534 ,
1300 2470 1396 2522 lib.
1422 2471 1511 2523 111
1529 2510 1546 2537 ,
1571 2489 1683 2543 cap.
1708 2472 1901 2525 ultimo
1918 2511 1933 2537 ‚
1956 2473 2050 2545 qui
2073 2473 2143 2526 de

1161 2548 1555 2601 vocabulorum
1582 2549 1793 2620 origine
1828 2550 1959 2604 scite
1988 2563 2042 2604 et
2069 2552 2146 2604 Ie·

1160 2626 1293 2698 pide
1317 2628 1551 2699 scripsit.
1584 2629 1657 2680 Hi
1682 2647 1849 2700 porro
1874 2649 1987 2683 non
2013 2643 2145 2684 sunt
2168 2631 2179 2640 ⁸

1159 2706 1228 2761 ad
1251 2726 1386 2779 quos
1404 2707 1622 2760 Persius
1647 2708 1789 2760 hanc
1808 2710 2022 2762 satiram
2040 2711 2143 2762 mi·

1159 2789 1306 2840 serit.
1325 2788 1410 2839 Ita
1427 2799 1609 2840 autem
1627 2800 1732 2840 vet.
1754 2788 1922 2840 schol.
1950 2815 1973 2836 ι
1987 2790 2144 2844 Hanc

1165 2892 1187 2914 ι
1211 2869 1428 2920 satiram
1454 2867 1667 2938 scripsit
1692 2867 1905 2920 Persius
1933 2868 2003 2920 ad
2029 2870 2145 2923 Cae-

1163 2973 1188 2996 α
1211 2949 1354 3000 sium
1364 2948 1589 3001 Bassum
1600 2985 1616 3010 ,
1634 2954 1856 3019 poetam
1873 2949 2107 3021 lyricum
2123 2991 2142 3016 ,

1163 3054 1187 3077 ι
1211 3047 1376 3100 quem
1404 3029 1542 3082 fama
1568 3041 1647 3081 est
1678 3030 1735 3080 in
1775 3028 1995 3100 praediis
2030 3031 2143 3086 suis

1165 3135 1188 3155 ι
1210 3109 1474 3181 positum,
1488 3109 1714 3163 ardente
1727 3109 1974 3164 Vesuvio
1986 3129 2143 3165 mon·

1165 3214 1188 3236 ι
1212 3201 1266 3242 te
1297 3189 1643 3266 Campaniae,
1679 3200 1735 3242 et
1775 3192 1882 3243 late
1916 3191 2141 3262 ignibus

1161 3294 1184 3316 ι
1206 3267 1557 3333 abundante,
1588 3287 1717 3322 cum
1753 3270 1881 3324 villa
1920 3290 2017 3325 sua
2047 3293 2141 3328 us-

1160 3375 1184 3398 ·
1207 3363 1322 3403 tum
1337 3369 1465 3404 esse.
1479 3349 1746 3422 Hicergo,
1760 3350 1897 3406 dum
1909 3355 2141 3417 viveret,

1161 3454 1185 3477 ι
1205 3433 1379 3484 Roma
1432 3428 1502 3482 ad
1555 3429 1782 3484 Sabinos
1838 3436 2149 3487 necessario·

1162 3536 1185 3558 ι
1205 3511 1465 3564 transibat
1478 3511 1577 3564 ubi
1586 3551 1605 3579 ‚
1618 3511 1855 3566 brumali
1870 3525 2140 3586 tempore,

1159 3617 1184 3640 ι
1204 3593 1263 3645 in
1285 3592 1461 3647 calido
1491 3593 1614 3648 loco
1631 3631 1650 3660 ,
1671 3595 1908 3649 carmina
1940 3596 2141 3649 scribe·

1163 3697 1186 3720 ι
1209 3673 1321 3725 bat.
1343 3698 1366 3719 υ
1396 3674 1463 3725 Α.
1688 3693 1695 3700 “

1231 3773 1282 3806 2.
1318 3758 1497 3805 Iamne
1533 3753 1689 3826 {yra.]
1733 3753 1924 3807 Jamne
1954 3749 2140 3826 lyricis

157 3939 226 3984 V.
260 3952 308 3984 x.
337 3932 570 3984 Admovit
579 3931 625 4000 j.
650 3933 720 3982 br.
727 3929 853 3997 foco
874 3943 921 3980 te
935 3967 951 3992 ,
974 3935 1146 3992 Basse,
1171 3932 1364 3982 Sabino.
1383 3934 1489 3984 Cur
1507 3932 1921 3998 interrogationis
1942 3931 2142 3998 signum

87 4029 204 4084 post
231 4018 376 4066 hunc
402 4031 608 4064 versum
633 4030 741 4062 non
765 4014 1046 4080 posuerim,
1067 4013 1172 4066 vid.
1196 4030 1306 4094 sup.
1344 4023 1612 4064 comment.
1629 4012 1951 4066 —Admovia
1981 4015 2141 4066 codd.

90 4101 194 4154 duo
209 4135 225 4162 ,
245 4100 506 4153 adrnovce:
529 4095 618 4148 alii
643 4111 814 4148 omnes
827 4129 842 4158 ‚
863 4094 1087 4146 admovit.

1682 4204 1783 4248 11.

2378 318 2417 403 ‘⁹⁷'
