2775 4619
530 279 661 409 ‚4⁶4

906 328 978 391 c,
1040 326 1450 394 LUCILII
1496 328 2168 413 FRAGMENTA,

527 460 811 515 Scaurus:
836 453 1100 511 Lucilius
1120 454 1182 510 in
1204 454 1291 510 IX
1314 455 1621 512 satirarum
1643 454 1720 511 'de
1743 454 2175 533 orthographia
2195 454 2601 535 praecipiens·

523 553 727 612 Velius
753 557 1027 630 Longus:
1057 550 1317 609 Lucilius
1344 551 1406 608 in
1433 554 1523 608 IX
1543 551 1620 609 de
1646 550 1856 609 litteris
1881 551 2162 629 disputat.

1507 652 1554 709 1.

603 752 662 807 A
683 750 942 827 primum
970 760 1087 819 est3
1114 747 1251 805 hinc
1278 748 1586 825 incipiam,
1611 759 1670 805 et
1695 768 1828 825 quae
1855 748 2095 807 nomina
2119 747 2195 807 ab
2221 748 2336 807 hoc
2359 762 2526 807 sunt.

600 851 661 903 A
677 890 694 917 ‚
724 846 982 923 primum
1010 844 1183 921 longa
1203 856 1263 902 et
1286 844 1469 902 brevi’
1497 843 1751 921 syllaba:
1778 864 1887 903 nos
1910 857 2106 903 tamen
2128 855 2331 903 unum'

602 946 733 1001 Hoc
764 943 1041 999 faciemus
1057 984 1075 1011 ‚
1100 954 1305 1001 etsuno
1333 940 1576 1011 eodem,
1603 953 1672 998 ut
1699 941 1944 999 diximu'
1963 984 1980 1011 ‚
2009 954 2184 1019 pacto

604 1041 941 1099 scribemus
969 1029 1185 1095 P'acem
1204 1082 1223 1107 ‚
1254 1040 1530 1109 Placide,
1557 1042 1778 1096 lanum
1794 1081 1815 1109 ‚
1846 1040 2095 1097 Aridum
2113 1082 2130 1112 ,
2157 1042 2402 1097 Acetum
2417 1083 2436 1111 ,

604 1131 727 1211 Ᾰρες
744 1178 761 1205 ,
788 1130 911 1211 Ᾰρες
938 1134 1126 1193 Graeci
1150 1146 1220 1191 ut
1244 1134 1488 1192 faciunt.

1490 1236 1519 1289 Ι
1536 1236 1582 1289 Ι.

604 1318 682 1388 At
704 1350 825 1386 non
853 1330 1109 1389 multum
1138 1332 1259 1389 abit
1282 1330 1398 1389 hoc
1423 1329 1880 1407 cacosyntheton
1901 1374 1919 1400 ‚
1947 1344 2126 1411 atque
2153 1332 2362 1391 canina

602 1428 664 1486 Si
687 1427 887 1505 lingua
915 1426 1084 1499 dice,
1114 1428 1263 1486 nihil
1290 1450 1366 1484 ar·
1395 1449 1522 1501 me3
1555 1448 1772 1489 nomen
1801 1428 1916 1487 hoc
1945 1429 2036 1487 illi
2063 1443 2170 1489 est.

1239 1528 1267 1582 I
1284 1528 1312 1581 Ι
1328 1528 1375 1582 Ι.
1408 1568 1662 1581 .......
1696 1531 1750 1583 A
1761 1528 1788 1582 Ι
1801 1568 2095 1583 ........

1477 1626 1592 1679 IV.

620 1760 1269 1778 .................
1298 1724 1496 1798 Atque
1525 1723 1840 1777 Accua-ere
1863 1720 2080 1778 scribas
2095 1763 2113 1792 ‚

604 1820 659 1873 D
690 1837 765 1875 ne
782 1861 799 1889 ‚
824 1837 899 1875 an
928 1820 1007 1889 T,
1031 1835 1153 1875 non
1180 1830 1267 1875 est
1293 1817 1459 1896 quod
1485 1835 1710 1895 quaeras
1737 1829 1914 1895 atque
1939 1818 2186 1877 labores·

1494 1918 1570 1972 V.

600 2010 816 2069 'Abbire
846 2011 1106 2070 multum
1132 1974 1221 2071 est
1250 2015 1305 2069 D
1334 2011 1454 2069 sive
1471 2053 1488 2081 ‚
1514 2032 1589 2069 an
1617 2014 1661 2069 B
1690 2011 1888 2072 habet.

1477 2112 1530 2164 V
1549 2112 1596 2165 Ι.

602 2210 731 2265 Jam
745 2208 964 2281 puerei
985 2226 1193 2264 venere
1216 2228 1229 2263 t
1261 2208 1307 2263 E
1330 2217 1695 2284 postremum
1724 2206 1898 2264 facito
1915 2250 1932 2277 ,
1957 2218 2132 2285 atque
2158 2210 2219 2278 Ι,

599 2430 643 2460 1.
668 2413 729 2474 Q.
756 2413 1018 2460 Terentius
1046 2414 1291 2471 Scaurus,
1315 2411 1378 2460 de
1399 2415 1494 2461 Or-

521 2493 819 2558 thographia
850 2510 861 2539 :
898 2491 1181 2556 singulares
1212 2493 1407 2542 vocales
1446 2503 1496 2540 et

520 2573 739 2638 produci
777 2583 825 2619 et
858 2572 1043 2635 corripi
1083 2583 1323 2635 possunt3
1360 2573 1494 2620 uude

520 2654 671 2702 etiam
688 2655 926 2711 Lucilius,
940 2656 1015 2700 lx
1034 2652 1293 2700 satirarum
1304 2686 1319 2711 ,
1334 2654 1398 2705 de
1415 2671 1498 2702 or-

520 2733 814 2802 thographia
846 2735 1167 2800 praecipiens,
1196 2736 1297 2782 ait:
1319 2737 1369 2782 A
1385 2736 1496 2799 pri-

522 2832 654 2864 mum
683 2827 780 2872 est,
809 2829 897 2862 etc.
1110 2813 1113 2823 '

595 2913 642 2944 2.
670 2897 846 2943 Velius
873 2899 1102 2961 Longus,
1128 2896 1189 2943 de
1220 2896 1496 2961 orthogra-

522 2975 641 3040 phia
659 2994 671 3023 ε
690 2978 886 3023 Inventi
905 2988 1027 3024 sunt
1044 2973 1237 3036 tamen,
1256 2976 1346 3040 qni
1364 2988 1415 3024 et
1431 2979 1498 3024 si-

520 3075 585 3105 ne
599 3057 758 3104 vocali
773 3068 953 3121 putem
966 3075 1109 3121 posse
1123 3057 1359 3122 syllabam
1370 3057 1496 3104 fieri.

594 3138 643 3185 3.
674 3137 1043 3199 Quintilianus,
1069 3137 1157 3184 lib.
1180 3142 1205 3185 Ι
1222 3173 1239 3200 ,
1260 3154 1366 3202 cap.
1400 3139 1460 3185 13
1481 3155 1493 3185 τ

516 3215 591 3266 ΔΙ
608 3216 871 3278 syllabam,
892 3218 1039 3280 cujus
1062 3217 1331 3266 secundam
1356 3233 1496 3266 nunc

520 3299 561 3344 E
577 3297 793 3344 litteram
812 3298 1047 3360 ponimus
1062 3332 1078 3356 ‚
1093 3299 1227 3346 varie
1244 3285 1394 3362 perA
1406 3307 1458 3344 et
1471 3301 1496 3345 Ι

517 3373 792 3422 efferebant
808 3408 822 3432 ,
843 3374 1048 3438 quidam
1064 3393 1270 3439 semper,
1283 3386 1341 3422 ut
1358 3378 1497 3424 Grae-

520 3457 567 3503 ci
588 3491 603 3515 ,
641 3457 848 3520 quidam
900 3456 1214 3520 singulariter
1260 3467 1454 3504 tantum
1479 3489 1495 3514 ,

516 3535 635 3584 eiun
662 3537 721 3585 in·
749 3534 970 3585 dativum
1003 3539 1081 3586 vel
1112 3539 1385 3603 genitivum
1412 3553 1494 3584 ca·-

516 3634 632 3675 sum
656 3617 925 3665 incidisset.
954 3618 1099 3665 Unde
1112 3651 1129 3675 ,
1149 3615 1307 3682 pictai
1328 3616 1489 3674 vestis,

514 3707 567 3744 et
582 3695 747 3755 aulai‘,
768 3697 1011 3763 Virgilius
1028 3698 1389 3745 amantissimus
1406 3714 1493 3746 ve·-

515 3778 713 3824 tustatis
735 3778 1040 3825 carminibus
1067 3777 1294 3825 inseruit.

591 3865 643 3912 4.
678 3857 855 3904 Velius
890 3859 1120 3922 Longus,
1158 3856 1219 3904 de
1258 3857 1489 3922 Orthogr.

404 3993 408 3998 ῃ
486 3933 755 3986 .'Videmus
788 3947 955 3988 autem
986 3953 1145 4006 prope
1172 3936 1227 3986 in
1252 3937 1490 3988 omnibus

1573 2411 1741 2462 verbis
1779 2431 1893 2478 quae
1929 2430 1958 2461 a
2000 2417 2036 2462 P
2074 2414 2235 2462 littera
2274 2414 2524 2480 incipiant
2539 2451 2558 2474 ,

1573 2493 1704 2540 hanc
1727 2495 2127 2558 praepositionem
2151 2495 2262 2560 cogi
2288 2505 2347 2541 ut
2363 2529 2380 2553 ,
2408 2497 2447 2542 B
2467 2495 2556 2543 lit-

1572 2573 1676 2620 tera
1699 2575 1877 2622 omissa
1891 2609 1905 2631 ‚
1931 2578 1970 2622 P
2001 2575 2250 2639 geminent
2263 2609 2277 2634 ,
2309 2585 2367 2622 ut
2397 2575 2460 2622 ab
2489 2593 2555 2623 eo

1575 2657 1714 2719 quod
1751 2667 1836 2714 est,
1854 2658 2024 2721 paret;
2053 2665 2284 2720 apparet3
2315 2666 2366 2702 et
2398 2657 2455 2702 in
2489 2673 2554 2704 eo

1573 2735 1711 2799 quod
1728 2747 1802 2782 est
1821 2737 1966 2800 ponit
1978 2770 1992 2794 ,
2014 2736 2256 2800 opponit;
2279 2746 2327 2782 et
2345 2736 2400 2782 in
2413 2752 2555 2798 pun-

1573 2816 1674 2879 git,
1707 2817 1984 2881 oppungit:
2012 2816 2083 2862 sic
2118 2816 2173 2862 in
2211 2815 2290 2862 his
2319 2815 2553 2879 partibus

1573 2898 1810 2945 orationis
1821 2931 1836 2956 ,
1855 2897 1967 2960 qdae
1992 2897 2242 2966 incipiunt
2260 2913 2290 2942 a
2307 2897 2348 2944 C
2367 2895 2550 2954 littera,

1573 2994 1678 3026 non
1694 2977 1833 3024 facile
1859 2986 2022 3040 potest
2038 2975 2146 3023 haec
2162 3010 2177 3034 ,
2195 2976 2552 3039 praepositione

1574 3055 1801 3117 admoui,
1817 3073 1994 3104 sonare
2007 3058 2052 3103 D
2069 3055 2236 3102 littera
2247 3090 2264 3114 ‚
2281 3055 2390 3103 haec
2409 3057 2552 3104 simi-

1574 3136 1689 3182 liter
1713 3135 1873 3182 littera
1897 3135 2210 3198 geminatur,
2233 3133 2290 3180 in
2321 3148 2380 3181 eo
2406 3133 2551 3196 quod

1575 3226 1651 3264 est
1667 3215 1808 3280 capio
1820 3251 1837 3273 ,
1861 3213 2048 3278 accipio
2061 3231 2080 3262 .·
2099 3215 2270 3276 itaque
2291 3213 2517 3261 Lucilius
2535 3231 2551 3260 t

1577 3333 1589 3344 .
1607 3330 1618 3342 .
1636 3331 1647 3342 .
1665 3298 1852 3358 ‚Atque
1877 3311 2134 3342 accurrere
2165 3294 2348 3341 scribas
2375 3296 2423 3342 D
2453 3310 2518 3342 ue
2529 3329 2551 3352 ,

1573 3393 1642 3424 an
1663 3378 1706 3424 T
1721 3411 1738 3432 ,
1761 3387 1849 3422 etc.
2199 3403 2210 3422 0
2481 3403 2489 3410 -

1649 3457 1694 3506 5.
1721 3456 1896 3503 Velius
1927 3457 2158 3519 Longus:
2183 3453 2366 3501 Abbire
2399 3454 2550 3502 etiam

1571 3537 1805 3602 quidam,
1833 3535 2078 3601 geminata
2103 3537 2142 3581 Β
2155 3568 2170 3593 ,
2190 3535 2479 3582 maluerunt
2498 3546 2552 3583 et

1571 3618 1734 3666 dicere
1755 3629 1803 3665 et
1823 3617 2037 3664 scribere
2052 3649 2066 3672 ,
2090 3625 2150 3662 ut
2175 3613 2463 3662 intermissa
2480 3616 2549 3661 Ι).

1570 3701 1639 3746 Et·
1654 3701 1708 3746 in
1730 3699 1830 3746 hoc
1848 3698 2038 3746 nullam
2057 3695 2384 3743 differentiam
2403 3706 2553 3760 putat

1570 3797 1673 3828 esse
1696 3780 1920 3828 Lucilius
1935 3811 1951 3837 ,
1969 3779 2062 3840 qui
2085 3776 2152 3824 ait
2166 3811 2185 3835 ,
2200 3775 2381 3824 Abbire
2407 3775 2544 3823 mul-

1570 3872 1672 3908 tum
1697 3871 1793 3916 est,
1816 3870 1903 3906 etc.

1640 3937 1689 3984 6.
1717 3936 2092 4001 Quintilianus,
2109 3934 2195 3984 lib.
2215 3935 2241 3982 Ι
2255 3967 2272 3994 ,
2289 3949 2402 3998 cap.
2429 3947 2478 3996 7.
2539 3957 2544 3960 -
