<?xml version="1.0" encoding="UTF-8"?>
<!DOCTYPE html PUBLIC "-//W3C//DTD XHTML 1.0 Transitional//EN"
    "http://www.w3.org/TR/xhtml1/DTD/xhtml1-transitional.dtd">
<html xmlns="http://www.w3.org/1999/xhtml" xml:lang="en" lang="en">
 <head>
  <title>
</title>
<meta http-equiv="Content-Type" content="text/html;charset=utf-8" />
  <meta name='ocr-system' content='tesseract 3.04.00' />
  <meta name='ocr-capabilities' content='ocr_page ocr_carea ocr_par ocr_line ocrx_word'/>
</head>
<body>
  <div class='ocr_page' id='page_1' title='image "aulipersiiflacc00achagoog_0356.png"; bbox 0 0 2775 4619; ppageno 0'>
   <div class='ocr_carea' id='block_1_1' title="bbox 521 314 685 395">
    <p class='ocr_par' dir='ltr' id='par_1_1' title="bbox 521 314 685 395">
     <span class='ocr_line' id='line_1_1' title="bbox 521 314 685 395; baseline -0.024 -12"><span class='ocrx_word' id='word_1_1' title='bbox 521 314 685 395; x_wconf 33' lang='lat'><strong>312‘</strong></span> 
     </span>
    </p>
   </div>
   <div class='ocr_carea' id='block_1_2' title="bbox 907 270 2115 378">
    <p class='ocr_par' dir='ltr' id='par_1_2' title="bbox 907 270 2115 378">
     <span class='ocr_line' id='line_1_2' title="bbox 907 270 2115 378; baseline 0.001 -2"><span class='ocrx_word' id='word_1_2' title='bbox 907 310 984 378; x_wconf 78' lang='lat' dir='ltr'><strong>c,</strong></span> <span class='ocrx_word' id='word_1_3' title='bbox 1035 308 1426 377; x_wconf 80' lang='lat' dir='ltr'>LUCILII</span> <span class='ocrx_word' id='word_1_4' title='bbox 1468 270 2115 378; x_wconf 61' lang='lat' dir='ltr'><strong>FJRAGMENTA·</strong></span> 
     </span>
    </p>
   </div>
   <div class='ocr_carea' id='block_1_3' title="bbox 490 441 2426 2570">
    <p class='ocr_par' dir='ltr' id='par_1_3' title="bbox 490 441 2426 2570">
     <span class='ocr_line' id='line_1_3' title="bbox 1365 441 1719 498; baseline -0.003 -2"><span class='ocrx_word' id='word_1_5' title='bbox 1365 441 1415 496; x_wconf 92' lang='lat' dir='ltr'>L</span> <span class='ocrx_word' id='word_1_6' title='bbox 1436 441 1497 498; x_wconf 99' lang='lat' dir='ltr'>X</span> <span class='ocrx_word' id='word_1_7' title='bbox 1513 441 1574 495; x_wconf 87' lang='lat' dir='ltr'>X</span> <span class='ocrx_word' id='word_1_8' title='bbox 1591 441 1651 497; x_wconf 86' lang='lat' dir='ltr'>X</span> <span class='ocrx_word' id='word_1_9' title='bbox 1666 441 1719 496; x_wconf 92' lang='grc' dir='ltr'><strong>Ι.</strong></span> 
     </span>
     <span class='ocr_line' id='line_1_4' title="bbox 598 534 1974 611; baseline -0.004 -13"><span class='ocrx_word' id='word_1_10' title='bbox 598 541 729 599; x_wconf 85' lang='lat' dir='ltr'><strong>Hoc</strong></span> <span class='ocrx_word' id='word_1_11' title='bbox 757 535 1006 611; x_wconf 81' lang='lat' dir='ltr'><strong>missum</strong></span> <span class='ocrx_word' id='word_1_12' title='bbox 1033 536 1212 594; x_wconf 84' lang='lat' dir='ltr'><strong>facies</strong></span> <span class='ocrx_word' id='word_1_13' title='bbox 1227 578 1244 607; x_wconf 91' lang='lat'>,</span> <span class='ocrx_word' id='word_1_14' title='bbox 1273 534 1383 595; x_wconf 85' lang='lat' dir='ltr'><strong>illo</strong></span> <span class='ocrx_word' id='word_1_15' title='bbox 1412 555 1509 593; x_wconf 88' lang='lat' dir='ltr'><strong>me</strong></span> <span class='ocrx_word' id='word_1_16' title='bbox 1534 549 1703 593; x_wconf 85' lang='lat' dir='ltr'><strong>utere</strong></span> <span class='ocrx_word' id='word_1_17' title='bbox 1730 534 1974 593; x_wconf 81' lang='lat' dir='ltr'><strong>libente.</strong></span> 
     </span>
     <span class='ocr_line' id='line_1_5' title="bbox 673 616 1747 691; baseline -0.007 5"><span class='ocrx_word' id='word_1_18' title='bbox 673 616 679 623; x_wconf 81' lang='grc'><em>’</em></span> <span class='ocrx_word' id='word_1_19' title='bbox 1348 636 1551 691; x_wconf 82' lang='lat' dir='ltr'><strong>Lxx</strong></span> <span class='ocrx_word' id='word_1_20' title='bbox 1574 636 1747 691; x_wconf 77' lang='grc' dir='ltr'><strong>ΧΠ.</strong></span> 
     </span>
     <span class='ocr_line' id='line_1_6' title="bbox 503 730 2143 811; baseline -0.003 -17"><span class='ocrx_word' id='word_1_21' title='bbox 503 805 505 807; x_wconf 29' lang='grc'>,</span> <span class='ocrx_word' id='word_1_22' title='bbox 601 732 886 795; x_wconf 85' lang='lat' dir='ltr'><strong>Sublatus</strong></span> <span class='ocrx_word' id='word_1_23' title='bbox 911 731 1109 809; x_wconf 86' lang='lat' dir='ltr'><strong>pudor</strong></span> <span class='ocrx_word' id='word_1_24' title='bbox 1135 730 1316 811; x_wconf 69' lang='lat' dir='ltr'><strong>o&#39;mni’</strong></span> <span class='ocrx_word' id='word_1_25' title='bbox 1333 775 1350 801; x_wconf 89' lang='lat'>,</span> <span class='ocrx_word' id='word_1_26' title='bbox 1379 731 1618 789; x_wconf 87' lang='lat' dir='ltr'><strong>licentia</strong></span> <span class='ocrx_word' id='word_1_27' title='bbox 1636 774 1655 803; x_wconf 88' lang='lat'>‚</span> <span class='ocrx_word' id='word_1_28' title='bbox 1682 731 1843 807; x_wconf 75' lang='lat' dir='ltr'><strong>fenu’</strong></span> <span class='ocrx_word' id='word_1_29' title='bbox 1872 730 2143 789; x_wconf 84' lang='lat' dir='ltr'><strong>refertur.</strong></span> 
     </span>
     <span class='ocr_line' id='line_1_7' title="bbox 490 808 1829 909; baseline -0.001 -23"><span class='ocrx_word' id='word_1_30' title='bbox 490 808 502 817; x_wconf 71' lang='lat'><em>&#39;</em></span> <span class='ocrx_word' id='word_1_31' title='bbox 1325 832 1373 885; x_wconf 90' lang='lat' dir='ltr'>L</span> <span class='ocrx_word' id='word_1_32' title='bbox 1392 832 1451 885; x_wconf 99' lang='grc' dir='ltr'>Χ</span> <span class='ocrx_word' id='word_1_33' title='bbox 1468 831 1526 886; x_wconf 90' lang='grc' dir='ltr'>Χ</span> <span class='ocrx_word' id='word_1_34' title='bbox 1546 834 1607 887; x_wconf 86' lang='grc' dir='ltr'>Χ</span> <span class='ocrx_word' id='word_1_35' title='bbox 1624 832 1653 885; x_wconf 83' lang='grc' dir='ltr'>Ι</span> <span class='ocrx_word' id='word_1_36' title='bbox 1668 831 1697 885; x_wconf 93' lang='lat'>1</span> <span class='ocrx_word' id='word_1_37' title='bbox 1715 833 1789 901; x_wconf 73' lang='grc' dir='ltr'><strong>1.,Ι</strong></span> <span class='ocrx_word' id='word_1_38' title='bbox 1820 903 1829 909; x_wconf 27' lang='grc' dir='ltr'><strong><em>Ι</em></strong></span> 
     </span>
     <span class='ocr_line' id='line_1_8' title="bbox 491 926 2426 1007; baseline -0.001 -19"><span class='ocrx_word' id='word_1_39' title='bbox 491 934 499 941; x_wconf 73' lang='grc'><em>“</em></span> <span class='ocrx_word' id='word_1_40' title='bbox 599 931 676 989; x_wconf 85' lang='lat' dir='ltr'><strong>Et</strong></span> <span class='ocrx_word' id='word_1_41' title='bbox 699 927 852 987; x_wconf 84' lang='lat' dir='ltr'><strong>illud</strong></span> <span class='ocrx_word' id='word_1_42' title='bbox 873 947 1118 1007; x_wconf 88' lang='lat' dir='ltr'><strong>quoque</strong></span> <span class='ocrx_word' id='word_1_43' title='bbox 1145 926 1290 985; x_wconf 86' lang='lat' dir='ltr'><strong>mite</strong></span> <span class='ocrx_word' id='word_1_44' title='bbox 1317 926 1545 985; x_wconf 85' lang='lat' dir='ltr'><strong>malum</strong></span> <span class='ocrx_word' id='word_1_45' title='bbox 1561 970 1579 997; x_wconf 86' lang='lat'>,</span> <span class='ocrx_word' id='word_1_46' title='bbox 1610 926 1899 985; x_wconf 86' lang='lat' dir='ltr'><strong>blandum</strong></span> <span class='ocrx_word' id='word_1_47' title='bbox 1924 939 2103 1007; x_wconf 78' lang='lat' dir='ltr'><strong>atque</strong></span> <span class='ocrx_word' id='word_1_48' title='bbox 2124 926 2426 996; x_wconf 76' lang='lat' dir='ltr'><strong>dolosum.</strong></span> 
     </span>
     <span class='ocr_line' id='line_1_9' title="bbox 1335 1026 1747 1093; baseline 0 -12"><span class='ocrx_word' id='word_1_49' title='bbox 1335 1028 1383 1081; x_wconf 94' lang='lat' dir='ltr'>L</span> <span class='ocrx_word' id='word_1_50' title='bbox 1401 1027 1463 1093; x_wconf 72' lang='lat' dir='ltr'>X</span> <span class='ocrx_word' id='word_1_51' title='bbox 1478 1026 1539 1081; x_wconf 81' lang='lat' dir='ltr'>X</span> <span class='ocrx_word' id='word_1_52' title='bbox 1556 1028 1615 1082; x_wconf 87' lang='lat' dir='ltr'>X</span> <span class='ocrx_word' id='word_1_53' title='bbox 1632 1026 1661 1079; x_wconf 92' lang='lat'>1</span> <span class='ocrx_word' id='word_1_54' title='bbox 1673 1027 1747 1081; x_wconf 86' lang='lat' dir='ltr'><strong>V.</strong></span> 
     </span>
     <span class='ocr_line' id='line_1_10' title="bbox 604 1121 2090 1201; baseline -0.001 -18"><span class='ocrx_word' id='word_1_55' title='bbox 604 1125 822 1183; x_wconf 82' lang='lat' dir='ltr'><strong>Contra</strong></span> <span class='ocrx_word' id='word_1_56' title='bbox 842 1121 967 1181; x_wconf 85' lang='lat' dir='ltr'><strong>haec</strong></span> <span class='ocrx_word' id='word_1_57' title='bbox 994 1122 1263 1181; x_wconf 79' lang='lat' dir='ltr'><strong>invitasse</strong></span> <span class='ocrx_word' id='word_1_58' title='bbox 1280 1162 1300 1192; x_wconf 86' lang='lat'>,</span> <span class='ocrx_word' id='word_1_59' title='bbox 1326 1133 1435 1180; x_wconf 84' lang='lat' dir='ltr'><strong>aut</strong></span> <span class='ocrx_word' id='word_1_60' title='bbox 1460 1122 1763 1201; x_wconf 79' lang='lat' dir='ltr'><strong>instigasse</strong></span> <span class='ocrx_word' id='word_1_61' title='bbox 1790 1122 2090 1182; x_wconf 74' lang='lat' dir='ltr'><strong>videntur..</strong></span> 
     </span>
     <span class='ocr_line' id='line_1_11' title="bbox 1140 1202 1733 1281; baseline 0 -4"><span class='ocrx_word' id='word_1_62' title='bbox 1140 1202 1154 1210; x_wconf 81' lang='grc'><strong>’</strong></span> <span class='ocrx_word' id='word_1_63' title='bbox 1367 1222 1733 1281; x_wconf 57' lang='grc' dir='ltr'>ιΧΧΧῑ</span> 
     </span>
     <span class='ocr_line' id='line_1_12' title="bbox 531 1316 2185 1396; baseline -0.002 -18"><span class='ocrx_word' id='word_1_64' title='bbox 531 1328 536 1332; x_wconf 83' lang='grc'><strong>’</strong></span> <span class='ocrx_word' id='word_1_65' title='bbox 605 1322 826 1378; x_wconf 82' lang='lat' dir='ltr'><strong>Omnes</strong></span> <span class='ocrx_word' id='word_1_66' title='bbox 847 1317 1126 1394; x_wconf 76' lang='lat' dir='ltr'><strong>formosi,</strong></span> <span class='ocrx_word' id='word_1_67' title='bbox 1156 1318 1372 1389; x_wconf 85' lang='lat' dir='ltr'><strong>fortes,</strong></span> <span class='ocrx_word' id='word_1_68' title='bbox 1397 1317 1507 1375; x_wconf 89' lang='lat' dir='ltr'><strong>tibi</strong></span> <span class='ocrx_word' id='word_1_69' title='bbox 1532 1336 1672 1395; x_wconf 88' lang='lat' dir='ltr'><strong>ergo</strong></span> <span class='ocrx_word' id='word_1_70' title='bbox 1700 1316 2014 1396; x_wconf 80' lang='lat' dir='ltr'><strong>improbus</strong></span> <span class='ocrx_word' id='word_1_71' title='bbox 2038 1328 2185 1377; x_wconf 85' lang='lat' dir='ltr'><strong>esto.</strong></span> 
     </span>
     <span class='ocr_line' id='line_1_13' title="bbox 1342 1416 1749 1473; baseline 0 -2"><span class='ocrx_word' id='word_1_72' title='bbox 1342 1418 1392 1471; x_wconf 93' lang='lat' dir='ltr'>L</span> <span class='ocrx_word' id='word_1_73' title='bbox 1408 1418 1468 1472; x_wconf 87' lang='lat' dir='ltr'><strong>X</strong></span> <span class='ocrx_word' id='word_1_74' title='bbox 1487 1418 1548 1473; x_wconf 83' lang='lat' dir='ltr'>X</span> <span class='ocrx_word' id='word_1_75' title='bbox 1564 1416 1625 1471; x_wconf 90' lang='lat' dir='ltr'>X</span> <span class='ocrx_word' id='word_1_76' title='bbox 1636 1418 1688 1472; x_wconf 90' lang='lat' dir='ltr'>V</span> <span class='ocrx_word' id='word_1_77' title='bbox 1700 1418 1749 1472; x_wconf 90' lang='grc' dir='ltr'><strong>Ι.</strong></span> 
     </span>
     <span class='ocr_line' id='line_1_14' title="bbox 603 1504 2201 1593; baseline 0 -22"><span class='ocrx_word' id='word_1_78' title='bbox 603 1512 712 1571; x_wconf 83' lang='lat' dir='ltr'><strong>Vir</strong></span> <span class='ocrx_word' id='word_1_79' title='bbox 737 1534 896 1573; x_wconf 86' lang='lat' dir='ltr'><strong>mare</strong></span> <span class='ocrx_word' id='word_1_80' title='bbox 921 1514 1165 1573; x_wconf 73' lang='lat' dir='ltr'><strong>metitur</strong></span> <span class='ocrx_word' id='word_1_81' title='bbox 1189 1519 1475 1593; x_wconf 81' lang='lat' dir='ltr'><strong>magnum</strong></span> <span class='ocrx_word' id='word_1_82' title='bbox 1490 1556 1506 1583; x_wconf 88' lang='lat'>‚</span> <span class='ocrx_word' id='word_1_83' title='bbox 1534 1504 1683 1573; x_wconf 54' lang='lat' dir='ltr'><strong>eise</strong></span> <span class='ocrx_word' id='word_1_84' title='bbox 1711 1512 1978 1589; x_wconf 84' lang='lat' dir='ltr'><strong>ssuctibu’</strong></span> <span class='ocrx_word' id='word_1_85' title='bbox 2004 1512 2201 1573; x_wconf 72' lang='lat' dir='ltr'><strong>uadit.</strong></span> 
     </span>
     <span class='ocr_line' id='line_1_15' title="bbox 1319 1613 1779 1672; baseline -0.011 -1"><span class='ocrx_word' id='word_1_86' title='bbox 1319 1616 1368 1671; x_wconf 92' lang='lat' dir='ltr'>L</span> <span class='ocrx_word' id='word_1_87' title='bbox 1384 1615 1445 1669; x_wconf 86' lang='lat' dir='ltr'>X</span> <span class='ocrx_word' id='word_1_88' title='bbox 1466 1615 1527 1672; x_wconf 99' lang='lat' dir='ltr'>X</span> <span class='ocrx_word' id='word_1_89' title='bbox 1542 1614 1603 1669; x_wconf 87' lang='lat' dir='ltr'>X</span> <span class='ocrx_word' id='word_1_90' title='bbox 1617 1616 1669 1669; x_wconf 90' lang='lat' dir='ltr'>V</span> <span class='ocrx_word' id='word_1_91' title='bbox 1684 1613 1713 1666; x_wconf 92' lang='lat'>1</span> <span class='ocrx_word' id='word_1_92' title='bbox 1731 1613 1779 1667; x_wconf 93' lang='grc' dir='ltr'><strong>Ι.</strong></span> 
     </span>
     <span class='ocr_line' id='line_1_16' title="bbox 606 1708 2122 1789; baseline -0.001 -22"><span class='ocrx_word' id='word_1_93' title='bbox 606 1709 757 1782; x_wconf 84' lang='lat' dir='ltr'><strong>Quis</strong></span> <span class='ocrx_word' id='word_1_94' title='bbox 784 1720 979 1767; x_wconf 88' lang='lat' dir='ltr'><strong>totum</strong></span> <span class='ocrx_word' id='word_1_95' title='bbox 1009 1709 1124 1768; x_wconf 83' lang='lat' dir='ltr'><strong>scis</strong></span> <span class='ocrx_word' id='word_1_96' title='bbox 1149 1728 1366 1789; x_wconf 83' lang='lat' dir='ltr'><strong>corpus</strong></span> <span class='ocrx_word' id='word_1_97' title='bbox 1383 1711 1509 1788; x_wconf 82' lang='lat' dir='ltr'><strong>jam</strong></span> <span class='ocrx_word' id='word_1_98' title='bbox 1536 1708 1831 1787; x_wconf 86' lang='lat' dir='ltr'><strong>perolesse</strong></span> <span class='ocrx_word' id='word_1_99' title='bbox 1858 1708 2122 1768; x_wconf 78' lang='lat' dir='ltr'><strong>bisulcis.</strong></span> 
     </span>
     <span class='ocr_line' id='line_1_17' title="bbox 1288 1808 1797 1867; baseline 0.002 -2"><span class='ocrx_word' id='word_1_100' title='bbox 1288 1810 1337 1865; x_wconf 92' lang='lat' dir='ltr'>L</span> <span class='ocrx_word' id='word_1_101' title='bbox 1357 1810 1419 1865; x_wconf 87' lang='lat' dir='ltr'>X</span> <span class='ocrx_word' id='word_1_102' title='bbox 1436 1810 1501 1865; x_wconf 88' lang='lat' dir='ltr'>X</span> <span class='ocrx_word' id='word_1_103' title='bbox 1514 1810 1575 1865; x_wconf 85' lang='lat' dir='ltr'>X</span> <span class='ocrx_word' id='word_1_104' title='bbox 1587 1810 1640 1864; x_wconf 87' lang='lat' dir='ltr'><strong>V</strong></span> <span class='ocrx_word' id='word_1_105' title='bbox 1655 1810 1684 1863; x_wconf 92' lang='lat'>1</span> <span class='ocrx_word' id='word_1_106' title='bbox 1702 1810 1731 1863; x_wconf 92' lang='grc' dir='ltr'>Ι</span> <span class='ocrx_word' id='word_1_107' title='bbox 1750 1808 1797 1867; x_wconf 89' lang='grc' dir='ltr'><strong>Ι.</strong></span> 
     </span>
     <span class='ocr_line' id='line_1_18' title="bbox 606 1904 2129 1985; baseline -0.001 -23"><span class='ocrx_word' id='word_1_108' title='bbox 606 1906 682 1963; x_wconf 80' lang='lat' dir='ltr'><strong>Et</strong></span> <span class='ocrx_word' id='word_1_109' title='bbox 707 1905 956 1965; x_wconf 84' lang='lat' dir='ltr'><strong>mutoni’</strong></span> <span class='ocrx_word' id='word_1_110' title='bbox 983 1923 1230 1966; x_wconf 85' lang='lat' dir='ltr'><strong>manum</strong></span> <span class='ocrx_word' id='word_1_111' title='bbox 1257 1904 1622 1985; x_wconf 82' lang='lat' dir='ltr'><strong>perscribere</strong></span> <span class='ocrx_word' id='word_1_112' title='bbox 1652 1923 1825 1983; x_wconf 84' lang='lat' dir='ltr'><strong>posse</strong></span> <span class='ocrx_word' id='word_1_113' title='bbox 1848 1916 2129 1985; x_wconf 51' lang='lat' dir='ltr'><strong>nugacem.</strong></span> 
     </span>
     <span class='ocr_line' id='line_1_19' title="bbox 775 1988 1751 2065; baseline -0.007 0"><span class='ocrx_word' id='word_1_114' title='bbox 775 2060 786 2065; x_wconf 80' lang='grc'><strong>-</strong></span> <span class='ocrx_word' id='word_1_115' title='bbox 1096 1988 1107 1995; x_wconf 80' lang='grc'><strong>’</strong></span> <span class='ocrx_word' id='word_1_116' title='bbox 1329 2004 1454 2060; x_wconf 82' lang='lat' dir='ltr'><strong>Lx</strong></span> <span class='ocrx_word' id='word_1_117' title='bbox 1472 2006 1530 2061; x_wconf 89' lang='grc' dir='ltr'>Χ</span> <span class='ocrx_word' id='word_1_118' title='bbox 1548 2004 1751 2061; x_wconf 77' lang='lat' dir='ltr'><strong>xlx.</strong></span> 
     </span>
     <span class='ocr_line' id='line_1_20' title="bbox 603 2098 2295 2180; baseline -0.002 -20"><span class='ocrx_word' id='word_1_119' title='bbox 603 2103 1049 2179; x_wconf 78' lang='lat' dir='ltr'><strong>Nonnunquam</strong></span> <span class='ocrx_word' id='word_1_120' title='bbox 1071 2099 1236 2160; x_wconf 82' lang='lat' dir='ltr'><strong>dabit</strong></span> <span class='ocrx_word' id='word_1_121' title='bbox 1257 2100 1385 2179; x_wconf 84' lang='lat' dir='ltr'><strong>ipsa</strong></span> <span class='ocrx_word' id='word_1_122' title='bbox 1406 2112 1541 2162; x_wconf 83' lang='lat' dir='ltr'><strong>aetas</strong></span> <span class='ocrx_word' id='word_1_123' title='bbox 1558 2144 1575 2171; x_wconf 92' lang='lat'>‚</span> <span class='ocrx_word' id='word_1_124' title='bbox 1605 2098 1773 2179; x_wconf 88' lang='lat' dir='ltr'><strong>quod</strong></span> <span class='ocrx_word' id='word_1_125' title='bbox 1794 2100 1981 2180; x_wconf 87' lang='lat' dir='ltr'><strong>possit</strong></span> <span class='ocrx_word' id='word_1_126' title='bbox 2002 2099 2295 2159; x_wconf 82' lang='lat' dir='ltr'><strong>babendo.</strong></span> 
     </span>
     <span class='ocr_line' id='line_1_21' title="bbox 1353 2200 1612 2257; baseline -0.004 -2"><span class='ocrx_word' id='word_1_127' title='bbox 1353 2246 1362 2255; x_wconf 89' lang='lat'><strong>.</strong></span> <span class='ocrx_word' id='word_1_128' title='bbox 1466 2202 1529 2257; x_wconf 87' lang='lat' dir='ltr'>X</span> <span class='ocrx_word' id='word_1_129' title='bbox 1547 2200 1612 2254; x_wconf 91' lang='lat' dir='ltr'><strong>C.</strong></span> 
     </span>
     <span class='ocr_line' id='line_1_22' title="bbox 606 2294 1787 2378; baseline -0.003 -21"><span class='ocrx_word' id='word_1_130' title='bbox 606 2295 754 2357; x_wconf 80' lang='lat' dir='ltr'><strong>Inde</strong></span> <span class='ocrx_word' id='word_1_131' title='bbox 777 2294 986 2356; x_wconf 81' lang='lat' dir='ltr'><strong>canino</strong></span> <span class='ocrx_word' id='word_1_132' title='bbox 1015 2294 1135 2355; x_wconf 86' lang='lat' dir='ltr'><strong>ritu</strong></span> <span class='ocrx_word' id='word_1_133' title='bbox 1165 2294 1477 2378; x_wconf 82' lang='lat' dir='ltr'><strong>oculisque</strong></span> <span class='ocrx_word' id='word_1_134' title='bbox 1502 2296 1787 2356; x_wconf 81' lang='lat' dir='ltr'><strong>involem.</strong></span> 
     </span>
     <span class='ocr_line' id='line_1_23' title="bbox 1446 2396 1639 2454; baseline -0.021 0"><span class='ocrx_word' id='word_1_135' title='bbox 1446 2398 1509 2454; x_wconf 89' lang='lat' dir='ltr'>X</span> <span class='ocrx_word' id='word_1_136' title='bbox 1526 2396 1573 2452; x_wconf 90' lang='lat' dir='ltr'>C</span> <span class='ocrx_word' id='word_1_137' title='bbox 1590 2397 1639 2450; x_wconf 85' lang='lat'><strong>1.</strong></span> 
     </span>
     <span class='ocr_line' id='line_1_24' title="bbox 605 2477 2025 2570; baseline -0.001 -18"><span class='ocrx_word' id='word_1_138' title='bbox 605 2491 818 2570; x_wconf 81' lang='lat' dir='ltr'><strong>Multis</strong></span> <span class='ocrx_word' id='word_1_139' title='bbox 841 2491 1100 2550; x_wconf 75' lang='lat' dir='ltr'><strong>inductis</strong></span> <span class='ocrx_word' id='word_1_140' title='bbox 1128 2477 1501 2552; x_wconf 74' lang='lat' dir='ltr'><strong>sennonibu’·</strong></span> <span class='ocrx_word' id='word_1_141' title='bbox 1518 2491 2025 2552; x_wconf 69' lang='lat' dir='ltr'><strong>concelebras-unt.</strong></span> 
     </span>
    </p>
   </div>
   <div class='ocr_carea' id='block_1_4' title="bbox 515 2759 1515 3959">
    <p class='ocr_par' dir='ltr' id='par_1_4' title="bbox 601 2759 1467 2819">
     <span class='ocr_line' id='line_1_25' title="bbox 601 2759 1467 2819; baseline 0.002 -10"><span class='ocrx_word' id='word_1_142' title='bbox 601 2763 684 2809; x_wconf 80' lang='lat'><strong>81.</strong></span> <span class='ocrx_word' id='word_1_143' title='bbox 713 2759 939 2811; x_wconf 72' lang='lat' dir='ltr'><strong>Nonius:</strong></span> <span class='ocrx_word' id='word_1_144' title='bbox 964 2761 1190 2819; x_wconf 77' lang='lat' dir='ltr'><strong>Mittere,</strong></span> <span class='ocrx_word' id='word_1_145' title='bbox 1223 2762 1467 2812; x_wconf 85' lang='lat' dir='ltr'><strong>omittere.</strong></span> 
     </span>
    </p>

    <p class='ocr_par' dir='ltr' id='par_1_5' title="bbox 523 2837 1513 2983">
     <span class='ocr_line' id='line_1_26' title="bbox 599 2837 1513 2901; baseline 0 -9"><span class='ocrx_word' id='word_1_146' title='bbox 599 2837 684 2892; x_wconf 72' lang='lat'><strong>82.</strong></span> <span class='ocrx_word' id='word_1_147' title='bbox 715 2844 948 2893; x_wconf 73' lang='lat' dir='ltr'><strong>Nonius:</strong></span> <span class='ocrx_word' id='word_1_148' title='bbox 977 2841 1232 2894; x_wconf 64' lang='lat' dir='ltr'><strong>Sublatam</strong></span> <span class='ocrx_word' id='word_1_149' title='bbox 1248 2879 1266 2901; x_wconf 91' lang='lat'>,</span> <span class='ocrx_word' id='word_1_150' title='bbox 1297 2844 1513 2894; x_wconf 79' lang='lat' dir='ltr'><strong>dicimus</strong></span> 
     </span>
     <span class='ocr_line' id='line_1_27' title="bbox 523 2934 1141 2983; baseline 0.002 -11"><span class='ocrx_word' id='word_1_151' title='bbox 523 2934 792 2974; x_wconf 69' lang='lat' dir='ltr'><strong>remotum.</strong></span> <span class='ocrx_word' id='word_1_152' title='bbox 1135 2979 1141 2983; x_wconf 53' lang='grc'>,</span> 
     </span>
    </p>

    <p class='ocr_par' dir='ltr' id='par_1_6' title="bbox 527 3001 1515 3134">
     <span class='ocr_line' id='line_1_28' title="bbox 599 3001 1515 3070; baseline 0.003 -19"><span class='ocrx_word' id='word_1_153' title='bbox 599 3005 684 3052; x_wconf 81' lang='grc'><strong>83.</strong></span> <span class='ocrx_word' id='word_1_154' title='bbox 723 3005 925 3054; x_wconf 77' lang='lat' dir='ltr'><strong>Nonius</strong></span> <span class='ocrx_word' id='word_1_155' title='bbox 953 3022 965 3052; x_wconf 71' lang='grc' dir='ltr'><strong><em>ε</em></strong></span> <span class='ocrx_word' id='word_1_156' title='bbox 1003 3003 1136 3054; x_wconf 75' lang='lat' dir='ltr'><em>Mitis</em></span> <span class='ocrx_word' id='word_1_157' title='bbox 1153 3039 1171 3064; x_wconf 90' lang='lat'><em>,</em></span> <span class='ocrx_word' id='word_1_158' title='bbox 1207 3001 1515 3070; x_wconf 79' lang='lat' dir='ltr'><strong>tranquillus</strong></span> 
     </span>
     <span class='ocr_line' id='line_1_29' title="bbox 527 3086 768 3134; baseline -0.008 0"><span class='ocrx_word' id='word_1_159' title='bbox 527 3095 578 3134; x_wconf 88' lang='lat' dir='ltr'><strong>et</strong></span> <span class='ocrx_word' id='word_1_160' title='bbox 595 3086 742 3134; x_wconf 73' lang='lat' dir='ltr'><strong>lenis.</strong></span> <span class='ocrx_word' id='word_1_161' title='bbox 763 3123 768 3128; x_wconf 95' lang='lat'>.</span> 
     </span>
    </p>

    <p class='ocr_par' dir='ltr' id='par_1_7' title="bbox 523 3161 1515 3312">
     <span class='ocr_line' id='line_1_30' title="bbox 601 3161 1515 3238; baseline 0.005 -27"><span class='ocrx_word' id='word_1_162' title='bbox 601 3165 685 3220; x_wconf 75' lang='grc'><strong>84.</strong></span> <span class='ocrx_word' id='word_1_163' title='bbox 720 3167 924 3214; x_wconf 86' lang='lat' dir='ltr'><strong>Nonius</strong></span> <span class='ocrx_word' id='word_1_164' title='bbox 951 3161 1256 3228; x_wconf 41' lang='lat' dir='ltr'><strong>pluviem-e,</strong></span> <span class='ocrx_word' id='word_1_165' title='bbox 1291 3175 1515 3238; x_wconf 76' lang='lat' dir='ltr'><strong>apertam</strong></span> 
     </span>
     <span class='ocr_line' id='line_1_31' title="bbox 523 3245 1108 3312; baseline -0.003 -15"><span class='ocrx_word' id='word_1_166' title='bbox 523 3245 680 3298; x_wconf 79' lang='lat' dir='ltr'><strong>hahet</strong></span> <span class='ocrx_word' id='word_1_167' title='bbox 707 3245 1108 3312; x_wconf 69' lang='lat' dir='ltr'><strong>significantiam.</strong></span> 
     </span>
    </p>

    <p class='ocr_par' dir='ltr' id='par_1_8' title="bbox 515 3328 1509 3474">
     <span class='ocr_line' id='line_1_32' title="bbox 601 3328 1509 3386; baseline 0.001 -10"><span class='ocrx_word' id='word_1_168' title='bbox 601 3328 684 3376; x_wconf 81' lang='lat'><strong>85.</strong></span> <span class='ocrx_word' id='word_1_169' title='bbox 709 3328 940 3376; x_wconf 85' lang='lat' dir='ltr'><strong>Nonius:</strong></span> <span class='ocrx_word' id='word_1_170' title='bbox 966 3328 1151 3386; x_wconf 78' lang='lat' dir='ltr'><strong>Fortis,</strong></span> <span class='ocrx_word' id='word_1_171' title='bbox 1181 3328 1328 3379; x_wconf 76' lang='lat' dir='ltr'><strong>etiam</strong></span> <span class='ocrx_word' id='word_1_172' title='bbox 1353 3328 1509 3385; x_wconf 62' lang='lat' dir='ltr'><strong>dives.</strong></span> 
     </span>
     <span class='ocr_line' id='line_1_33' title="bbox 515 3407 1223 3474; baseline -0.001 -18"><span class='ocrx_word' id='word_1_173' title='bbox 515 3407 665 3463; x_wconf 22' lang='lat' dir='ltr'><strong>*Idem</strong></span> <span class='ocrx_word' id='word_1_174' title='bbox 686 3425 698 3456; x_wconf 76' lang='lat' dir='ltr'><strong><em>z</em></strong></span> <span class='ocrx_word' id='word_1_175' title='bbox 725 3408 1002 3472; x_wconf 80' lang='lat' dir='ltr'><strong>Improbum</strong></span> <span class='ocrx_word' id='word_1_176' title='bbox 1017 3444 1035 3467; x_wconf 93' lang='lat'><strong><em>,</em></strong></span> <span class='ocrx_word' id='word_1_177' title='bbox 1059 3419 1223 3474; x_wconf 86' lang='lat' dir='ltr'><strong>turpe.</strong></span> 
     </span>
    </p>

    <p class='ocr_par' dir='ltr' id='par_1_9' title="bbox 523 3487 1515 3636">
     <span class='ocr_line' id='line_1_34' title="bbox 604 3487 1515 3546; baseline 0.004 -12"><span class='ocrx_word' id='word_1_178' title='bbox 604 3487 686 3536; x_wconf 81' lang='lat'><strong>86.</strong></span> <span class='ocrx_word' id='word_1_179' title='bbox 725 3488 924 3540; x_wconf 82' lang='lat' dir='ltr'><strong>Nonius</strong></span> <span class='ocrx_word' id='word_1_180' title='bbox 952 3505 964 3536; x_wconf 89' lang='lat'>:</span> <span class='ocrx_word' id='word_1_181' title='bbox 1003 3489 1169 3539; x_wconf 72' lang='lat' dir='ltr'><strong>Metiri</strong></span> <span class='ocrx_word' id='word_1_182' title='bbox 1184 3523 1203 3546; x_wconf 91' lang='lat'>,</span> <span class='ocrx_word' id='word_1_183' title='bbox 1238 3499 1313 3536; x_wconf 83' lang='lat' dir='ltr'><strong>est</strong></span> <span class='ocrx_word' id='word_1_184' title='bbox 1348 3498 1515 3538; x_wconf 73' lang='lat' dir='ltr'><strong>trans-</strong></span> 
     </span>
     <span class='ocr_line' id='line_1_35' title="bbox 523 3555 1459 3636; baseline 0 -18"><span class='ocrx_word' id='word_1_185' title='bbox 523 3584 704 3618; x_wconf 79' lang='lat' dir='ltr'><strong>meare.</strong></span> <span class='ocrx_word' id='word_1_186' title='bbox 1303 3555 1308 3560; x_wconf 39' lang='lat'>⁸</span> <span class='ocrx_word' id='word_1_187' title='bbox 1454 3625 1459 3636; x_wconf 46' lang='grc' dir='ltr'>Ι</span> 
     </span>
    </p>

    <p class='ocr_par' dir='ltr' id='par_1_10' title="bbox 520 3649 1511 3959">
     <span class='ocr_line' id='line_1_36' title="bbox 599 3649 1511 3712; baseline 0 -14"><span class='ocrx_word' id='word_1_188' title='bbox 599 3652 627 3698; x_wconf 88' lang='grc'><strong>8</strong></span> <span class='ocrx_word' id='word_1_189' title='bbox 637 3667 684 3712; x_wconf 82' lang='grc'><strong>7.</strong></span> <span class='ocrx_word' id='word_1_190' title='bbox 697 3651 980 3700; x_wconf 78' lang='lat' dir='ltr'><strong>Priscianus</strong></span> <span class='ocrx_word' id='word_1_191' title='bbox 999 3686 1014 3711; x_wconf 95' lang='lat'>,</span> <span class='ocrx_word' id='word_1_192' title='bbox 1024 3649 1114 3700; x_wconf 77' lang='lat' dir='ltr'><strong>lib.</strong></span> <span class='ocrx_word' id='word_1_193' title='bbox 1129 3653 1231 3700; x_wconf 80' lang='lat' dir='ltr'><strong>IX:</strong></span> <span class='ocrx_word' id='word_1_194' title='bbox 1250 3650 1511 3710; x_wconf 81' lang='lat' dir='ltr'><strong>Perolesse,</strong></span> 
     </span>
     <span class='ocr_line' id='line_1_37' title="bbox 521 3731 956 3798; baseline 0.002 -19"><span class='ocrx_word' id='word_1_195' title='bbox 521 3745 619 3798; x_wconf 75' lang='lat' dir='ltr'><strong>pro</strong></span> <span class='ocrx_word' id='word_1_196' title='bbox 638 3731 956 3796; x_wconf 82' lang='lat' dir='ltr'><strong>perolevisse.</strong></span> 
     </span>
     <span class='ocr_line' id='line_1_38' title="bbox 541 3805 1510 3876; baseline 0.001 -19"><span class='ocrx_word' id='word_1_197' title='bbox 541 3812 546 3820; x_wconf 87' lang='lat'>&#39;</span> <span class='ocrx_word' id='word_1_198' title='bbox 597 3811 684 3858; x_wconf 88' lang='lat'><strong>88.</strong></span> <span class='ocrx_word' id='word_1_199' title='bbox 713 3815 886 3858; x_wconf 80' lang='lat' dir='ltr'><strong>Festus</strong></span> <span class='ocrx_word' id='word_1_200' title='bbox 911 3828 923 3858; x_wconf 76' lang='grc' dir='ltr'><strong><em>ε</em></strong></span> <span class='ocrx_word' id='word_1_201' title='bbox 967 3813 1142 3876; x_wconf 79' lang='lat' dir='ltr'><strong><em>Tagax</em></strong></span> <span class='ocrx_word' id='word_1_202' title='bbox 1153 3846 1173 3869; x_wconf 90' lang='lat'><em>,</em></span> <span class='ocrx_word' id='word_1_203' title='bbox 1201 3805 1510 3858; x_wconf 76' lang='lat' dir='ltr'><strong>furunculus</strong></span> 
     </span>
     <span class='ocr_line' id='line_1_39' title="bbox 520 3889 1511 3959; baseline 0.004 -21"><span class='ocrx_word' id='word_1_204' title='bbox 520 3907 551 3938; x_wconf 80' lang='lat' dir='ltr'>a</span> <span class='ocrx_word' id='word_1_205' title='bbox 581 3891 833 3957; x_wconf 79' lang='lat' dir='ltr'><strong>tangendo</strong></span> <span class='ocrx_word' id='word_1_206' title='bbox 871 3893 1036 3942; x_wconf 70' lang='lat' dir='ltr'><strong>dictus</strong></span> <span class='ocrx_word' id='word_1_207' title='bbox 1053 3927 1071 3952; x_wconf 87' lang='lat'><strong>,</strong></span> <span class='ocrx_word' id='word_1_208' title='bbox 1093 3891 1238 3959; x_wconf 79' lang='lat' dir='ltr'><strong>cujus</strong></span> <span class='ocrx_word' id='word_1_209' title='bbox 1271 3889 1511 3942; x_wconf 74' lang='lat' dir='ltr'><strong>vocabuli</strong></span> 
     </span>
    </p>
   </div>
   <div class='ocr_carea' id='block_1_5' title="bbox 1590 2749 2605 3609">
    <p class='ocr_par' dir='ltr' id='par_1_11' title="bbox 1590 2749 2605 3533">
     <span class='ocr_line' id='line_1_40' title="bbox 1594 2749 2605 2812; baseline 0 0"><span class='ocrx_word' id='word_1_210' title='bbox 1594 2749 1823 2812; x_wconf 72' lang='lat' dir='ltr'><strong>L&#39;ucilius</strong></span> <span class='ocrx_word' id='word_1_211' title='bbox 1844 2763 2079 2812; x_wconf 84' lang='lat' dir='ltr'><strong>meminit</strong></span> <span class='ocrx_word' id='word_1_212' title='bbox 2102 2780 2114 2810; x_wconf 92' lang='lat'>:</span> <span class='ocrx_word' id='word_1_213' title='bbox 2146 2763 2213 2810; x_wconf 76' lang='lat' dir='ltr'><strong>Ec</strong></span> <span class='ocrx_word' id='word_1_214' title='bbox 2236 2761 2444 2811; x_wconf 77' lang='lat' dir='ltr'><strong>mutoni’</strong></span> <span class='ocrx_word' id='word_1_215' title='bbox 2466 2781 2581 2812; x_wconf 83' lang='lat' dir='ltr'><strong>ma-</strong></span> <span class='ocrx_word' id='word_1_216' title='bbox 2594 2755 2605 2760; x_wconf 54' lang='grc'><em>”</em></span> 
     </span>
     <span class='ocr_line' id='line_1_41' title="bbox 1594 2845 2582 2910; baseline 0.002 -18"><span class='ocrx_word' id='word_1_217' title='bbox 1594 2863 1712 2892; x_wconf 83' lang='lat' dir='ltr'><strong>num</strong></span> <span class='ocrx_word' id='word_1_218' title='bbox 1721 2880 1739 2903; x_wconf 91' lang='lat'>‚</span> <span class='ocrx_word' id='word_1_219' title='bbox 1758 2857 1849 2894; x_wconf 74' lang='lat' dir='ltr'><strong>ete.</strong></span> <span class='ocrx_word' id='word_1_220' title='bbox 1865 2847 2092 2895; x_wconf 80' lang='lat' dir='ltr'><strong>Nonius:</strong></span> <span class='ocrx_word' id='word_1_221' title='bbox 2117 2847 2363 2910; x_wconf 80' lang='lat' dir='ltr'><strong>Tangere,</strong></span> <span class='ocrx_word' id='word_1_222' title='bbox 2384 2857 2461 2892; x_wconf 83' lang='lat' dir='ltr'><strong>est</strong></span> <span class='ocrx_word' id='word_1_223' title='bbox 2478 2845 2582 2894; x_wconf 83' lang='lat' dir='ltr'><strong>cir·</strong></span> 
     </span>
     <span class='ocr_line' id='line_1_42' title="bbox 1594 2941 2427 2987; baseline 0 -13"><span class='ocrx_word' id='word_1_224' title='bbox 1594 2941 1900 2974; x_wconf 75' lang='lat' dir='ltr'><strong>cumvemre.</strong></span> <span class='ocrx_word' id='word_1_225' title='bbox 2414 2969 2427 2987; x_wconf 76' lang='grc'><em>,</em></span> 
     </span>
     <span class='ocr_line' id='line_1_43' title="bbox 1667 3005 2582 3085; baseline -0.002 -15"><span class='ocrx_word' id='word_1_226' title='bbox 1667 3021 1990 3085; x_wconf 68' lang='lat' dir='ltr'><strong>89.s01vim,</strong></span> <span class='ocrx_word' id='word_1_227' title='bbox 2001 3005 2157 3070; x_wconf 77' lang='lat' dir='ltr'><strong>lih.11</strong></span> <span class='ocrx_word' id='word_1_228' title='bbox 2168 3022 2355 3085; x_wconf 81' lang='lat' dir='ltr'><strong>Georg.</strong></span> <span class='ocrx_word' id='word_1_229' title='bbox 2372 3020 2436 3067; x_wconf 77' lang='lat' dir='ltr'><strong>ad</strong></span> <span class='ocrx_word' id='word_1_230' title='bbox 2448 3019 2582 3068; x_wconf 69' lang='lat' dir='ltr'><strong>iuna</strong></span> 
     </span>
     <span class='ocr_line' id='line_1_44' title="bbox 1592 3103 2363 3169; baseline -0.003 -16"><span class='ocrx_word' id='word_1_231' title='bbox 1592 3103 1796 3169; x_wconf 74' lang='lat' dir='ltr'><strong>Virgilii</strong></span> <span class='ocrx_word' id='word_1_232' title='bbox 1817 3121 1831 3152; x_wconf 81' lang='lat'>2</span> <span class='ocrx_word' id='word_1_233' title='bbox 2356 3131 2363 3136; x_wconf 94' lang='lat'>-</span> 
     </span>
     <span class='ocr_line' id='line_1_45' title="bbox 1590 3204 2581 3260; baseline -0.002 -14"><span class='ocrx_word' id='word_1_234' title='bbox 1590 3205 1643 3246; x_wconf 73' lang='lat' dir='ltr'><strong>Et</strong></span> <span class='ocrx_word' id='word_1_235' title='bbox 1655 3219 1753 3258; x_wconf 76' lang='lat' dir='ltr'><strong>quos</strong></span> <span class='ocrx_word' id='word_1_236' title='bbox 1767 3212 1835 3244; x_wconf 73' lang='lat' dir='ltr'><strong>aut</strong></span> <span class='ocrx_word' id='word_1_237' title='bbox 1844 3207 1980 3260; x_wconf 76' lang='lat' dir='ltr'><strong>pecori</strong></span> <span class='ocrx_word' id='word_1_238' title='bbox 1990 3205 2130 3246; x_wconf 73' lang='lat' dir='ltr'><strong>malint</strong></span> <span class='ocrx_word' id='word_1_239' title='bbox 2140 3205 2373 3246; x_wconf 70' lang='lat' dir='ltr'><strong>submittere</strong></span> <span class='ocrx_word' id='word_1_240' title='bbox 2382 3204 2581 3246; x_wconf 67' lang='lat' dir='ltr'><strong>habendo.</strong></span> 
     </span>
     <span class='ocr_line' id='line_1_46' title="bbox 1590 3294 2581 3362; baseline -0.002 -17"><span class='ocrx_word' id='word_1_241' title='bbox 1590 3297 1647 3346; x_wconf 85' lang='lat' dir='ltr'><strong>id</strong></span> <span class='ocrx_word' id='word_1_242' title='bbox 1656 3294 1796 3362; x_wconf 83' lang='lat' dir='ltr'><strong>quod</strong></span> <span class='ocrx_word' id='word_1_243' title='bbox 1807 3297 2101 3356; x_wconf 71' lang='lat' dir='ltr'><strong>habetat-‚ut</strong></span> <span class='ocrx_word' id='word_1_244' title='bbox 2110 3297 2337 3344; x_wconf 83' lang='lat' dir='ltr'><strong>Lucilius</strong></span> <span class='ocrx_word' id='word_1_245' title='bbox 2344 3297 2405 3344; x_wconf 88' lang='lat' dir='ltr'><strong>in</strong></span> <span class='ocrx_word' id='word_1_246' title='bbox 2411 3299 2581 3344; x_wconf 77' lang='lat' dir='ltr'>XXX:</span> 
     </span>
     <span class='ocr_line' id='line_1_47' title="bbox 1591 3376 2581 3444; baseline -0.002 -18"><span class='ocrx_word' id='word_1_247' title='bbox 1591 3379 1964 3444; x_wconf 80' lang='lat' dir='ltr'><strong>Nonnunquam</strong></span> <span class='ocrx_word' id='word_1_248' title='bbox 1990 3378 2157 3439; x_wconf 75' lang='lat' dir='ltr'><em>dabit,</em></span> <span class='ocrx_word' id='word_1_249' title='bbox 2177 3389 2269 3425; x_wconf 79' lang='lat' dir='ltr'><strong>etc.</strong></span> <span class='ocrx_word' id='word_1_250' title='bbox 2291 3379 2419 3426; x_wconf 87' lang='lat' dir='ltr'><strong>Jnn.</strong></span> <span class='ocrx_word' id='word_1_251' title='bbox 2452 3376 2581 3426; x_wconf 82' lang='lat' dir='ltr'>Phi-</span> 
     </span>
     <span class='ocr_line' id='line_1_48' title="bbox 1591 3457 2303 3533; baseline 0 -29"><span class='ocrx_word' id='word_1_252' title='bbox 1591 3457 1859 3522; x_wconf 65' lang='lat' dir='ltr'><strong>largyrius.</strong></span> <span class='ocrx_word' id='word_1_253' title='bbox 2288 3518 2303 3533; x_wconf 87' lang='lat'><strong>.</strong></span> 
     </span>
    </p>

    <p class='ocr_par' dir='ltr' id='par_1_12' title="bbox 1666 3544 2583 3609">
     <span class='ocr_line' id='line_1_49' title="bbox 1666 3544 2583 3609; baseline -0.002 -15"><span class='ocrx_word' id='word_1_254' title='bbox 1666 3561 1749 3609; x_wconf 85' lang='lat'><strong>90·</strong></span> <span class='ocrx_word' id='word_1_255' title='bbox 1774 3547 2005 3596; x_wconf 80' lang='lat' dir='ltr'><strong>Nonius:</strong></span> <span class='ocrx_word' id='word_1_256' title='bbox 2032 3545 2259 3593; x_wconf 71' lang='lat' dir='ltr'><strong>Involare</strong></span> <span class='ocrx_word' id='word_1_257' title='bbox 2271 3579 2290 3602; x_wconf 91' lang='lat'>,</span> <span class='ocrx_word' id='word_1_258' title='bbox 2314 3555 2390 3593; x_wconf 89' lang='lat' dir='ltr'><strong>est</strong></span> <span class='ocrx_word' id='word_1_259' title='bbox 2414 3544 2583 3593; x_wconf 78' lang='lat' dir='ltr'><strong>irrue-</strong></span> 
     </span>
    </p>
   </div>
   <div class='ocr_carea' id='block_1_6' title="bbox 1590 3624 2583 3770">
    <p class='ocr_par' dir='ltr' id='par_1_13' title="bbox 1590 3624 2583 3770">
     <span class='ocr_line' id='line_1_50' title="bbox 1592 3624 2583 3687; baseline -0.004 -11"><span class='ocrx_word' id='word_1_260' title='bbox 1592 3643 1671 3687; x_wconf 84' lang='lat' dir='ltr'><strong>re,</strong></span> <span class='ocrx_word' id='word_1_261' title='bbox 1690 3627 1882 3676; x_wconf 83' lang='lat' dir='ltr'><strong>insilire</strong></span> <span class='ocrx_word' id='word_1_262' title='bbox 1895 3661 1911 3685; x_wconf 93' lang='lat'><strong><em>‚</em></strong></span> <span class='ocrx_word' id='word_1_263' title='bbox 1928 3637 2020 3675; x_wconf 80' lang='lat' dir='ltr'><strong>aut</strong></span> <span class='ocrx_word' id='word_1_264' title='bbox 2038 3624 2283 3687; x_wconf 72' lang='lat' dir='ltr'><strong>uolatu,</strong></span> <span class='ocrx_word' id='word_1_265' title='bbox 2300 3637 2389 3674; x_wconf 75' lang='lat' dir='ltr'><strong>aut</strong></span> <span class='ocrx_word' id='word_1_266' title='bbox 2406 3642 2433 3672; x_wconf 86' lang='lat' dir='ltr'><strong>a</strong></span> <span class='ocrx_word' id='word_1_267' title='bbox 2447 3626 2583 3686; x_wconf 72' lang='lat' dir='ltr'><strong>vola,</strong></span> 
     </span>
     <span class='ocr_line' id='line_1_51' title="bbox 1590 3707 2373 3770; baseline -0.004 -13"><span class='ocrx_word' id='word_1_268' title='bbox 1590 3709 1646 3758; x_wconf 81' lang='lat' dir='ltr'><strong>id</strong></span> <span class='ocrx_word' id='word_1_269' title='bbox 1665 3719 1737 3758; x_wconf 83' lang='lat' dir='ltr'><strong>est</strong></span> <span class='ocrx_word' id='word_1_270' title='bbox 1754 3743 1769 3770; x_wconf 89' lang='lat'><strong>,</strong></span> <span class='ocrx_word' id='word_1_271' title='bbox 1790 3707 1953 3758; x_wconf 58' lang='lat' dir='ltr'><strong>medis</strong></span> <span class='ocrx_word' id='word_1_272' title='bbox 1971 3723 2136 3756; x_wconf 84' lang='lat' dir='ltr'><strong>manu</strong></span> <span class='ocrx_word' id='word_1_273' title='bbox 2162 3707 2373 3756; x_wconf 84' lang='lat' dir='ltr'><strong>dictum.</strong></span> 
     </span>
    </p>
   </div>
   <div class='ocr_carea' id='block_1_7' title="bbox 1588 3805 2583 3952">
    <p class='ocr_par' dir='ltr' id='par_1_14' title="bbox 1588 3805 2583 3952">
     <span class='ocr_line' id='line_1_52' title="bbox 1662 3805 2583 3872; baseline -0.001 -16"><span class='ocrx_word' id='word_1_274' title='bbox 1662 3825 1749 3872; x_wconf 86' lang='lat'><strong>91.</strong></span> <span class='ocrx_word' id='word_1_275' title='bbox 1786 3807 1983 3856; x_wconf 83' lang='lat' dir='ltr'><strong>Nonius</strong></span> <span class='ocrx_word' id='word_1_276' title='bbox 2009 3825 2021 3856; x_wconf 92' lang='lat'>:</span> <span class='ocrx_word' id='word_1_277' title='bbox 2066 3805 2411 3858; x_wconf 69' lang='lat' dir='ltr'><strong>concelebran-</strong></span> <span class='ocrx_word' id='word_1_278' title='bbox 2430 3841 2451 3866; x_wconf 84' lang='lat'><em>,</em></span> <span class='ocrx_word' id='word_1_279' title='bbox 2486 3805 2583 3858; x_wconf 72' lang='lat' dir='ltr'><strong>din</strong></span> 
     </span>
     <span class='ocr_line' id='line_1_53' title="bbox 1588 3887 2405 3952; baseline -0.002 -13"><span class='ocrx_word' id='word_1_280' title='bbox 1588 3907 1752 3948; x_wconf 68' lang='lat' dir='ltr'><strong>amre</strong></span> <span class='ocrx_word' id='word_1_281' title='bbox 1766 3925 1781 3952; x_wconf 90' lang='lat'>‚</span> <span class='ocrx_word' id='word_1_282' title='bbox 1800 3891 1992 3940; x_wconf 84' lang='lat' dir='ltr'><strong>dictum</strong></span> <span class='ocrx_word' id='word_1_283' title='bbox 2012 3905 2041 3938; x_wconf 79' lang='lat' dir='ltr'><strong>a</strong></span> <span class='ocrx_word' id='word_1_284' title='bbox 2060 3887 2365 3941; x_wconf 68' lang='lat' dir='ltr'><strong>celebritate.</strong></span> <span class='ocrx_word' id='word_1_285' title='bbox 2400 3891 2405 3897; x_wconf 89' lang='lat'>&#39;</span> 
     </span>
    </p>
   </div>
  </div>
 </body>
</html>
