2775 4619
815 364 1431 467 CENTONES

1121 494 1176 548 V
1195 493 1246 547 1.

239 592 414 649 Nunc
441 608 590 649 vero
607 608 644 649 a
672 607 846 650 mane
871 587 950 646 ad
971 600 1210 647 noctem
1227 631 1246 661 ‚
1271 588 1424 649 festo
1448 598 1631 665 atque
1656 586 1919 669 Profesto
1938 628 1959 659 ,

233 688 386 747 Toto
415 686 626 745 itidem
654 685 992 765 pariterque
1019 684 1116 743 die
1135 728 1152 756 ,
1181 684 1570 765 populusque
1597 696 1913 763 patresque
2020 674 2023 677 ⁴

235 788 464 846 lactare
483 778 636 845 indu
658 785 792 843 foro
820 803 882 845 se
908 802 1119 844 omnes
1139 824 1156 853 ,
1183 782 1475 841 decedere
1501 800 1799 861 nusquam
1824 803 1839 839 :

237 884 358 941 Uni
381 903 443 943 se
457 927 475 954 ‚
500 896 680 963 atque
699 882 900 943 eidem
925 880 1126 941 studio
1153 900 1362 944 omnes
1383 880 1605 941 dedere
1628 892 1691 939 et
1710 880 1855 950 arti,

233 982 432 1038 Verba
455 980 594 1041 dare
621 992 691 1037 ut
717 992 891 1039 caute
915 978 1142 1057 possint
1159 1020 1177 1049 ‚
1205 996 1470 1056 pugnare
1496 976 1747 1049 dolos05

241 1077 540 1135 Blanditia
565 1089 789 1137 ccl-mre
811 1120 829 1149 ‚
854 1077 1086 1137 bonum
1114 1074 1393 1136 simulare
1416 1076 1612 1133 virum
1636 1094 1698 1133 se
1722 1098 1741 1147 ς

239 1175 491 1233 Insidias
519 1176 709 1233 facere
725 1218 743 1247 ,
770 1188 842 1233 ut
867 1174 916 1235 si
941 1174 1139 1233 hostes
1163 1172 1280 1231 sint
1306 1174 1588 1233 omnibus
1614 1192 1839 1234 omnes.

240 1272 529 1333 sublatus
555 1273 754 1353 pudor
779 1271 994 1344 omni'‚
1022 1271 1292 1341 lieentia,
1319 1270 1484 1329 feuu’
1512 1272 1802 1331 refertur:

236 1374 430 1430 Nemo
453 1371 552 1430 hic
578 1370 862 1431 vindicias
879 1414 896 1442 ‚
925 1390 1153 1431 numen
1169 1414 1186 1442 ,
1213 1390 1409 1447 neque
1434 1388 1594 1429 sacra
1617 1382 1887 1430 veretur:

239 1468 558 1547 Tapullam
583 1468 783 1527 rident
807 1467 1002 1548 legem
1031 1486 1328 1546 congerrae
1359 1466 1563 1545 Opimi
1588 1488 1603 1524 τ

237 1565 408 1625 Idola
427 1612 446 1639 ‚
473 1579 656 1644 atque
679 1578 912 1627 atomos
939 1565 1186 1647 Epicuri
1211 1564 1453 1627 credere
1484 1564 1717 1626 malunt
1734 1608 1754 1636 ‚

237 1668 375 1724 Non
399 1664 580 1743 epulo
609 1664 902 1728 Divonun
927 1662 1190 1743 aliquem
1205 1706 1222 1734 ,
1245 1683 1443 1741 neque
1467 1662 1711 1739 proficie
1735 1662 1862 1723 ulla

237 1764 602 1842 Dignantes:
629 1760 772 1823 hinc
796 1782 862 1821 se
891 1781 1135 1841 peccare
1166 1762 1412 1839 impune
1440 1761 1551 1819 rati
1576 1772 1716 1818 sunt

237 1863 416 1917 Posse
437 1902 455 1931 ‚
480 1879 555 1927 ‚ac
577 1856 892 1919 nobilitate
924 1857 1084 1917 facul
1115 1857 1448 1935 propellere
1476 1857 1734 1935 iniquos.

245 1958 318 2013 In
351 1976 476 2035 quo
508 1967 638 2015 toto
668 1955 848 2013 etiam
875 1953 1024 2013 mihi
1051 1953 1206 2011 coelo
1237 1972 1431 2012 errare
1455 1954 1732 2013 videntur
1756 1977 1773 2011 :

241 2056 515 2132 Namque
538 2052 751 2113 videtis
770 2096 788 2123 ‚
817 2053 908 2113 uti
935 2051 1160 2112 multos
1187 2072 1542 2131 mensesque
1570 2052 1817 2131 diesque
1839 2096 1856 2124 ‚

239 2154 378 2211 Non
405 2156 605 2211 tamen
629 2162 860 2213 aetatem
886 2161 1234 2228 tempestate
1263 2148 1375 2207 hae
1406 2150 1681 2209 scelerosi

241 2254 544 2312 Laeteutm·
543 2289 1691 2309 ..............................

1103 2349 1158 2405 V
1173 2349 1204 2404 1
1226 2348 1276 2403 1.

243 2449 395 2506 cam
425 2459 626 2506 tecum
657 2458 780 2517 est,
809 2445 1048 2526 quidvis
1081 2445 1219 2504 satis
1251 2456 1342 2503 est
1362 2488 1380 2515 ,
1404 2445 1592 2502 'visuri
1622 2444 1800 2504 alieni

246 2546 377 2604 Sint
401 2544 676 2603 homines
693 2589 712 2616 ,
740 2545 926 2622 spiras
943 2587 960 2614 ,
987 2543 1209 2621 pallam
1227 2587 1244 2614 ‚
1267 2541 1623 2603 redimicula
1647 2543 1906 2621 promit5

243 2643 610 2722 Euplocamo
634 2641 886 2720 digitos,
916 2640 1313 2708 discet-,niculu
1321 2661 1503 2719 mque
1531 2641 1771 2720 capillo·

245 2745 327 2800 Ut
346 2747 489 2800 οιίιιι
511 2742 623 2800 iter
651 2753 740 2799 est
765 2739 1010 2819 aliquo,
1043 2751 1102 2797 et
1130 2759 1399 2798 caussam
1427 2753 1762 2799 commenta
1783 2741 1929 2811 viai,

2095 366 2229 457 319
2329 322 2332 325 ·

244 2845 371 2899 Aut
393 2839 560 2919 apud
585 2838 930 2908 unificam,
957 2837 1034 2896 ad
1059 2849 1346 2908 matrem,
1371 2851 1715 2916 cognatam,
1741 2839 1817 2896 ad
1841 2839 2090 2898 amicam
2112 2859 2134 2896 τ

249 2943 375 2998 Aut
403 2934 776 3016 operandum
801 2935 1005 3014 aliquo
1041 2935 1104 2992 in
1137 2935 1360 2994 celebri
1384 2956 1531 2994 cum
1560 2936 1877 3016 aequalibu'
1908 2937 2070 2998 fano.

245 3037 403 3095 Tum
425 3053 568 3094 mro
595 3035 768 3096 neini
790 3034 1023 3105 aurati,
1049 3045 1114 3091 et
1139 3032 1290 3092 nitet
1311 3053 1489 3092 aurea
1509 3035 1705 3094 mitra.

246 3136 386 3192 Haec
414 3133 782 3196 vestimentis
813 3131 1132 3194 maculosis
1162 3131 1374 3209 aspicis
1404 3131 1569 3210 ipse3

249 3230 432 3305 Qubd
463 3230 736 3294 defmmi’
769 3246 988 3303 senex,
1007 3229 1183 3308 qued
1209 3228 1497 3308 pedidus,
1525 3248 1597 3286 ac
1623 3229 1993 3309 podagrosus
2010 3275 2031 3302 ,

249 3329 432 3402 Qubd
454 3349 703 3392 mancus
717 3373 738 3402 ‚
757 3348 990 3399 macer,
1007 3326 1186 3392 ⁴exili-s
1202 3370 1220 3400 ‚
1243 3347 1386 3386 cum
1411 3327 1627 3384 ramice
1652 3345 1889 3407 magno.

252 3427 316 3487 Si
338 3447 480 3486 vero
503 3425 610 3508 des
627 3467 644 3497 ‚
672 3426 840 3504 quod
865 3438 1032 3504 rogat
1051 3467 1068 3496 ,
1099 3437 1160 3484 et
1188 3424 1237 3482 si
1265 3425 1517 3504 suggeri'
1542 3443 1804 3504 suppum
1824 3470 1843 3498 ,
1914 3477 1921 3487 .

248 3529 464 3604 Magna
489 3543 684 3602 penus
710 3543 892 3603 parvo
918 3523 1113 3601 spatio
1137 3535 1497 3600 consumpta
1518 3523 1759 3600 peribit.

251 3623 468 3682 Omnia
493 3622 728 3680 viscatis
753 3621 1030 3680 manibus
1060 3620 1252 3699 leget,
1283 3620 1485 3678 omnia
1512 3631 1710 3680 sumet
1724 3642 1747 3696 3

252 3719 441 3780 Crede
467 3719 618 3776 mihi
632 3739 908 3798 ,presse
904 3720 1134 3778 auferet
1159 3719 1362 3778 omnia
1367 3759 1737 3776 ..........

1083 3820 1137 3876 V
1151 3817 1180 3874 1
1199 3819 1228 3874 I
1247 3818 1296 3873 Ι.

253 3914 410 3973 Huic
439 3913 668 3972 homini
689 3917 1004 3986 Quaestcre
1029 3913 1235 3993 aliq-uo
1263 3926 1354 3972 est
1378 3932 1569 3994 opus,
1584 3925 1770 3994 atque
1794 3911 2083 3996 chorago‘‚
2116 3947 2127 3952 -
2188 3927 2193 3932 ’

257 4011 594 4070 Publicitus
622 4011 729 4090 qui
755 4009 880 4090 mi,
903 4024 1091 4092 atque
1119 4033 1153 4072 e
1177 4011 1324 4072 fisco
1345 4013 1607 4090 praebe‘at
1628 4032 1866 4074 aurum.
