2775 4619
419 784 432 862 —aae‘

545 424 663 516 ..30
1083 421 1162 483 A.
1219 418 1601 484 PERsn
1664 417 2060 484 FLAGCI
2138 449 2145 454 -

665 546 750 611 Et
771 544 934 635 quid
947 567 1124 634 opus
1144 547 1407 610 Cratero
1428 565 1697 634 magnos
1720 543 2101 633 promittere
2127 541 2429 608 montes?
2548 547 2629 618 65

664 663 907 729 Discite
922 661 1007 743 ,ὃ
1033 661 1283 726 miseri!
1307 677 1372 724 et
1398 683 1630 724 causas·
1644 661 2007 750 cognoscite
2029 680 2285 724 rerum:

661 777 1089 864 Quidsumus
1105 826 1124 858 ,
1148 792 1224 840 et
1237 773 1553 863 quidnam
1574 774 1812 840 victuri
1838 775 2212 864 gignimur3
2237 767 2405 840 ordo

577 955 726 1013 enim
751 955 955 1007 morbis
985 953 1242 1008 omnihus
1277 953 1376 1024 qui
1410 953 1553 1004 foras

575 1036 860 1111 produnt,
886 1049 950 1089 ut
985 1041 1229 1107 φλεγμονῇ
1260 1045 1443 1086 cutem
1470 1034 1553 1086 in·

577 1115 804 1178 tendant
821 1133 883 1172 ac
905 1127 1180 1167 tumorem
1209 1114 1460 1165 excitent.
1486 1112 1550 1163 C.

652 1197 743 1250 65.
795 1200 861 1246 Ee
901 1197 1026 1262 quid
1062 1213 1216 1260 opus,
1256 1197 1397 1260 ecc-J
1443 1193 1550 1244 Eos

570 1277 756 1338 ,obiter
770 1273 934 1338 ridet,
950 1274 1044 1345 qui
1063 1270 1200 1326 dum
1217 1273 1332 1324 sani
1349 1283 1549 1336 essent,

575 1358 818 1429 neglecta
849 1353 1173 1410 valetudinis
1219 1357 1350 1406 cura
1371 1392 1389 1418 ‚
1424 1352 1552 1424 aegri

575 1452 764 1512 postea
793 1436 1044 1490 nihilnon
1078 1433 1298 1487 medicis
1322 1435 1551 1504 promit·

578 1529 727 1581 tunt3
737 1529 886 1588 puta,
900 1515 1019 1568 auri
1031 1527 1088 1567 et
1101 1513 1309 1584 argenti
1323 1525 1553 1574 montes,

579 1599 736 1672 quasi
773 1609 909 1650 esset
945 1596 1006 1648 in
1049 1613 1244 1648 eorum
1286 1605 1553 1664 potestate

578 1679 687 1732 fata
732 1689 974 1730 extrema
1023 1675 1244 1728 morari.
1290 1673 1554 1726 Similiter

577 1759 808 1830 Epictet.
820 1753 970 1828 apud
987 1755 1196 1806 Arrian.
1211 1753 1302 1806 lib.
1318 1753 1428 1815 111,
1438 1770 1553 1822 cap.

579 1839 674 1894 cui
695 1839 890 1891 titulus
912 1856 926 1888 z
953 1843 1070 1898 Πῶς
1094 1833 1174 1889 δεῖ
1195 1837 1347 1905 φέρειν
1371 1833 1461 1895 τὰς
1479 1834 1555 1886 νό-

581 1940 693 1980 σους
709 1957 726 1982 ,
745 1918 851 1970 ait:
874 1917 934 1969 Τί
962 1918 1238 1976 notatam
1259 1917 1337 1967 t'ov
1357 1914 1555 1985 iaz-9623

560 2002 642 2062 ,Τί
665 2002 823 2070 λέγεις
841 2038 856 2060 ,
884 1995 967 2049 ἐὰν
991 1997 1159 2064 θέλῃς,
1187 1997 1332 2066 Κύριε
1353 2035 1369 2059 ,
1396 2001 1555 2054 καλῶς

579 2080 701 2142 {Et-»3
726 2080 785 2132 Τί
799 2078 1038 2148 ,παρέχεις
1059 2077 1196 2146 αὐτῷ
1225 2075 1442 2146 ἀφορμὴν
1470 2079 1555 2127 τοῦ

578 2158 760 2228 ἐπᾴραι
799 2159 937 2228 ὀφρῦν
953 2179 969 2221 3
987 2187 1058 2194 —
1080 2157 1297 2206 Cratero.
1324 2153 1554 2224 Augusti

577 2235 792 2289 medico
821 2235 1050 2298 celebri,
1083 2248 1149 2289 ut
1174 2234 1443 2312 conjicere
1470 2245 1553 2286 est

579 2337 652 2373 ex
671 2316 858 2371 Horat.
877 2316 981 2369 lib.
1005 2317 1064 2367 ΙΙ
1083 2353 1100 2379 ,
1128 2327 1224 2368 sat.
1251 2316 1280 2367 3
1305 2335 1318 2365 :
1466 2340 1495 2361 .

616 2432 627 2443 .
647 2432 658 2443 .
681 2431 692 2442 .
713 2398 952 2443 Craterum
973 2395 1142 2441 dixisse
1161 2404 1338 2456 putato.
1366 2396 1421 2442 C.
1436 2404 1483 2439 et
1496 2396 1549 2439 P.

651 2478 742 2529 66.
782 2477 996 2533 Discite,
1025 2476 1056 2524 ό
1087 2476 1253 2523 miseri
1273 2512 1289 2533 ,
1327 2474 1440 2543 etc.]
1480 2474 1547 2527 D.

575 2552 932 2624 Augustinus,
949 2549 1017 2602 de
1039 2549 1196 2603 civit.
1219 2550 1339 2614 Dei,
1355 2550 1450 2601 lib.
1476 2550 1553 2613 11,

577 2651 694 2704 cap.
735 2636 768 2685 6
791 2670 809 2697 ,
845 2632 994 2683 hunc
1039 2630 1224 2681 locum
1273 2630 1553 2701 integrum

573 2714 737 2767 affert
759 2752 777 2779 ,
811 2713 910 2783 qui
951 2723 1097 2765 certe
1141 2711 1362 2763 exhibet
1400 2712 1551 2765 velut

576 2790 918 2847 enchiridion
935 2791 1294 2865 philosophia
1309 2792 1549 2845 moraliS.

576 2874 706 2927 Haec
724 2886 852 2926 sunt
867 2873 956 2925 illa
973 2891 1184 2925 summa
1203 2890 1262 2925 ac
1276 2873 1552 2943 praecipua

576 2954 853 3026 sapientise
872 2954 1066 3025 capita,
1082 2953 1268 3024 paucis
1283 2952 1551 3017 versibus,

578 3034 848 3105 eleganter
867 3053 1022 3105 aeque
1051 3052 1111 3086 ac
1140 3032 1360 3103 praecise
1377 3051 1408 3085 a
1428 3052 1554 3085 nos-

576 3125 665 3165 tro
698 3120 861 3183 poeta
895 3114 1066 3166 stoico
1105 3112 1360 3165 indicata.
1402 3111 1555 3177 Quid

575 3194 647 3248 sit
675 3194 873 3261 horn03
899 3195 956 3245 in
990 3212 1152 3265 quem
1184 3192 1350 3245 finem
1377 3212 1407 3245 a
1436 3192 1552 3245 Deo

575 3277 648 3329 sit
661 3287 871 3333 creatus
885 3294 902 3340 3
921 3276 1046 3346 quis
1063 3292 1246 3326 rerum
1261 3273 1399 3327 ordo
1414 3273 1551 3327 ?etc.

577 3388 650 3397 --
672 3360 850 3407 Causas
888 3357 1156 3422 cognoscite
1196 3375 1379 3407 rerum.
1422 3354 1551 3407 Haec

476 3441 480 3446 '
573 3437 762 3511 potius
805 3454 932 3487 cum
981 3436 1207 3488 Casaub.
1254 3435 1324 3487 ad
1370 3453 1550 3488 causas

575 3517 879 3592 peculiares
926 3534 1116 3568 eorum
1164 3535 1284 3587 quae
1336 3517 1550 3570 homini

579 3600 782 3671 cuique
800 3598 1082 3662 eveniunt,
1099 3615 1280 3651 causas
1297 3606 1394 3651 τῶν
1411 3619 1551 3669 ceux»

575 3687 674 3733 τῶν
699 3679 783 3734 καὶ
810 3680 1042 3749 αἱρετῶν,
1069 3695 1254 3729 rerum
1285 3692 1547 3749 expeten-

577 3756 772 3810 darum
797 3768 852 3809 et
877 3754 1219 3809 vitandarum
1239 3793 1254 3820 ‚
1271 3756 1549 3829 *respicere

1630 963 1881 1024 putarem
1900 989 1917 1015 ‚
1944 957 2110 1023 quam
2130 951 2198 1005 ad
2221 971 2403 1006 causas
2419 953 2629 1026 physi-

1631 1049 1717 1083 cas
1739 1046 1792 1084 et
1812 1033 2083 1086 naturales
2102 1033 2169 1085 in·
2180 1034 2519 1088 universum.
2545 1037 2621 1087 A.

1680 1114 1765 1182 67.
1778 1124 1833 1164 et
1848 1112 1936 1163 68.
1956 1114 2549 1182 Que‘dsumus.]P1-imnm
2560 1126 2630 1167 et

1628 1193 1971 1264 praecipuum
2010 1195 2197 1248 ethicae
2234 1208 2578 1266 praeceptum
2610 1237 2630 1260 ,

1630 1267 2361 1340 I'Nnel'zurromsuven
2370 1309 2383 1323 .
2398 1289 2499 1329 sat.
2513 1277 2623 1335 XI,

1631 1373 1688 1406 v.
1728 1372 1810 1422 ²7·
1844 1353 1925 1406 Ex
1965 1355 2065 1406 hac
2106 1355 2254 1408 enim
2294 1356 2624 1426 cognitione

1631 1432 1837 1504 pendet
1873 1435 2051 1488 omnis
2091 1436 2365 1507 sapientia
2401 1436 2625 1507 princi·

1631 1514 1789 1584 pium
1800 1527 1853 1566 et
1862 1516 2623 1588 consummatio-Simplicius:

1632 1599 1699 1648 Τὸ
1738 1601 1985 1650 ΓΝΩΘῙ
2028 1601 2335 1651 zArToN
2366 1603 2452 1650 τοῦ
2484 1604 2623 1652 Θεοῦ

1630 1674 1957 1748 παράγΐελμα
1984 1677 2069 1730 καὶ
2097 1677 2223 1747 ἀρχὴ
2250 1677 2337 1730 καὶ
2354 1680 2494 1738 τᾶος
2517 1679 2627 1730 ποί-

1632 1774 1721 1816 σης
1736 1755 1810 1815 ι’ςὶ
1828 1758 2105 1826 φιλοσοφίας
2123 1757 2205 1810 καὶ
2222 1757 2439 1818 εὐζωΐας.
2458 1755 2627 1822 Quid

1632 1852 1763 1906 ergo
1774 1834 1941 1887 homo
1952 1835 2060 1890 est?
2068 1836 2279 1889 Platoni
2292 1836 2351 1886 in
2362 1835 2625 1897 Phaedro,

1633 1918 1778 1984 φυτὸν
1822 1928 1904 1968 est
1939 1920 2150 1988 οὐράνιον
2186 1920 2273 1970 οὐκ
2312 1916 2487 1988 {ysaton
2508 1938 2523 1952 ·
2566 1919 2619 1970 ἓν

1634 2004 1731 2049 τῶν
1746 1997 2017 2053 κτημάτων
2036 2004 2121 2052 τοῦ
2136 2003 2280 2052 Θεοῦ.
2296 1997 2622 2050 Stoicorum

1636 2088 1715 2130 est
1760 2075 1901 2130 illud
1944 2079 2140 2130 scitum
2172 2097 2186 2129 ι
2230 2079 2312 2131 τὸν
2360 2077 2619 2148 ἄνθρωπον

1636 2159 1894 2210 οὐσιῶσθαι
1929 2157 2064 2210 κατὰ
2101 2159 2189 2216 τὴν
2222 2159 2418 2228 λογικὴν
2448 2159 2578 2218 ζωὴν
2600 2194 2621 2222 ‚

1632 2236 1831 2302 σώματι
1885 2233 1945 2290 δὲ
2008 2243 2214 2308 χρῆσθαι
2274 2241 2337 2298 ὣς
2398 2238 2619 2308 ὀργάνῳ.

1630 2314 1964 2387 Summaque
1980 2317 2202 2369 illorum
2216 2309 2481 2371 doctrinae'
2494 2317 2620 2369 haee

1632 2409 1709 2448 est
1722 2432 1739 2461 ,
1755 2415 1852 2446 esse
1863 2398 2069 2447 hominis
2077 2434 2094 2458 ,
2108 2394 2278 2469 idque
2291 2394 2429 2449 adeo
2443 2414 2617 2448 omne

1630 2495 1731 2550 per
1778 2475 1931 2551 quod
1977 2477 2143 2529 homo
2181 2490 2463 2529 censeatur
2484 2514 2503 2543 ,
2550 2476 2618 2528 in

1630 2556 1809 2609 animo
1830 2571 1885 2609 et
1904 2561 2051 2609 recta
2070 2556 2279 2609 ratione
2296 2556 2466 2609 situm
2480 2573 2617 2608 esse.

1632 2638 1785 2691 Hanc
1814 2657 1935 2703 esse,
1956 2638 2103 2691 illius
2136 2642 2191 2691 τὸ
2222 2641 2323 2691 πᾶν
2354 2658 2368 2689 2
2406 2656 2615 2708 corpus

1629 2735 1763 2771 vero
1782 2729 1835 2769 et
1852 2730 2041 2770 caetera
2060 2716 2265 2779 omnia,
2284 2734 2389 2787 pro
2406 2718 2617 2768 instru-

1631 2798 1829 2849 mentis
1855 2796 1981 2850 vitae
2013 2796 2166 2849 istius
2196 2794 2465 2849 habenda.
2498 2792 2613 2849 Sed

1630 2895 1819 2929 rursus
1842 2914 1859 2939 ,
1898 2880 2024 2943 quid
2064 2890 2137 2927 ese
2179 2878 2368 2927 homo?
2410 2873 2608 2927 Senec.

1631 2955 1851 3009 Consol.
1878 2955 1947 3010 ad
1978 2956 2272 3009 Marciam:
2300 2954 2613 3007 Imbecillum

1632 3057 1805 3105 corpus
1822 3038 2091 3107 etfragilc,
2106 3040 2311 3097 nudum,
2327 3036 2497 3102 sudpcc
2517 3054 2612 3085 na-

1630 3118 1745 3169 eurd
1768 3120 1982 3177 inerme,
2006 3120 2185 3167 aliem
2220 3118 2322 3183 opis
2348 3118 2578 3183 indigens
2592 3153 2611 3176 ,

1630 3202 1704 3248 ad
1715 3219 1903 3249 omnem
1902 3199 2128 3266 fortunoe
2144 3200 2614 3262 contumeliampro·

1618 3281 1824 3347 jectum.
1849 3278 2068 3349 Spectat
2100 3276 2291 3331 eodem
2319 3275 2612 3347 sapientis-

1626 3358 1827 3410 simum
1854 3358 1997 3410 illud
2033 3358 2106 3411 Μ.
2135 3356 2398 3411 Antonini
2428 3356 2611 3406 moni-

1629 3451 1782 3492 tum.
1807 3445 1902 3492 Τοῦ
1923 3440 2031 3491 ὅλου
2060 3441 2255 3501 αἰῶνος,
2277 3438 2361 3491 καὶ
2381 3441 2468 3497 τῆς
2492 3438 2607 3496 ὅλης

1630 3520 1795 3581 οὐσίας
1811 3528 2043 3588 συνεχῶς
2082 3518 2361 3589 φαντασία,
2402 3515 2488 3569 καὶ
2529 3518 2607 3568 ὅτι

1627 3600 1799 3653 πάντα
1830 3619 1898 3651 τα
1937 3598 2072 3652 κατὰ.
2112 3601 2253 3669 μέρος
2294 3589 2377 3665 (ἐν
2416 3588 2484 3655 οἷς
2521 3596 2607 3647 καὶ

1630 3680 1878 3751 ἄνθρωπός
1908 3671 2045 3747 eet),
2074 3682 2137 3741 ὡς
2166 3679 2257 3750 μὶν
2280 3679 2399 3748 πρὸς
2432 3677 2603 3730 οὐσίαν

1626 3761 1921 3831 κιγχραμίς·
1948 3762 2017 3821 ὡς
2051 3754 2111 3810 δὲ
2148 3760 2265 3829 πρὸς
2300 3758 2465 3828 χρόνον
2494 3776 2608 3827 τρυ-

647 3910 830 3968 v.66T
838 3918 1046 3975 Discite,
1068 3917 1099 3967 ὅ
1115 3918 1285 3966 miseri.
1301 3920 1433 3967 Male
1450 3920 1483 3968 J
1486 3934 1751 3979 uvcncms
1770 3920 1966 3980 discite,
1988 3936 2083 3968 vos
2100 3919 2275 3967 miser-1.
2253 3917 2397 3965 '--0
2411 3916 2607 3965 miseri:

575 3995 606 4047 ὐ
618 3998 828 4063 longum
847 4010 896 4046 et
913 3999 1209 4063 aspiratum;
1230 3999 1467 4071 ideoque
1457 4000 1639 4049 vocalis
1654 4002 1949 4051 antecedens
1966 4018 2096 4067 saepe
2113 4018 2222 4050 non
2238 3999 2457 4049 eliditur.
2471 4002 2526 4047 F.
2539 4000 2601 4045 D.

640 4082 710 4137 Y.
741 4081 825 4142 67.
853 4082 929 4129 Et.
953 4082 1082 4131 Cod.
1113 4092 1308 4143 noster,
1334 4093 1439 4131 auc.
1466 4084 1541 4132 Ita
1564 4093 1615 4133 et
1637 4099 1685 4134 v.
1713 4083 1790 4134 ed.
1821 4084 1939 4133 Brit.
1958 4095 2011 4134 ct
2028 4084 2149 4134 edit.
2174 4083 2357 4135 Aldina
2372 4116 2387 4143 ‚
2414 4082 2477 4131 15
2484 4081 2566 4131 35
