2775 4619
550 453 628 496 10

1055 431 1136 494 A.
1203 427 1576 493 PERsu
1649 405 2028 500 r‘LACCJ

1314 573 1752 616 PERSIUS.

629 729 747 794 Vel
774 727 941 809 duo,
966 727 1094 793 vel.
1120 776 1136 792 .
1161 776 1178 792 .
1207 777 1223 791 .

2313 641 2566 706 Nemo?

1219 837 1881 882 Anvnnssnluffi

1236 927 1468 996 Nem0.
1495 915 1720 1019 Turpe
1737 979 1754 1012 ,
1783 947 1848 995 et
1881 929 2265 996 miserabile.

1322 1067 1359 1108 ι»
1382 1066 1422 1108 n
1447 1067 1489 1108 a
1511 1067 1542 1108 s
1563 1065 1589 1108 1
1614 1067 1657 1108 u
1682 1067 1738 1110 S.

2277 1135 2494 1218 Quare
2511 1134 2538 1197 Ξ)

622 1247 739 1312 Nae
766 1245 933 1312 mihi
961 1239 1343 1335 Polydam'as
1362 1295 1379 1328 ,
1409 1261 1476 1312 et
1501 1245 1814 1315 Troiades
1845 1246 2212 1312 Labeonem

536 1421 667 1474 vid.
681 1423 713 1474 J
716 1441 872 1477 uven.
885 1434 975 1476 sat.
990 1422 1049 1475 ΙΙ
1062 1460 1079 1487 ,
1098 1443 1153 1478 v.
1173 1417 1512 1490 §ja—Nemo?

536 1504 663 1556 Hoec
717 1523 829 1558 vox
878 1504 1047 1556 Persii
1106 1505 1468 1575 εἰρωνευομένου
1493 1545 1508 1570 ,

482 1587 487 1596 “
534 1582 686 1652 quasi
710 1581 803 1653 qui
823 1580 1099 1634 auditione
1122 1581 1202 1634 rei
1220 1580 1512 1651 inopinata,

534 1674 986 1714 commoveretur.
1140 1711 1151 1723 ,

606 1740 659 1792 3.
686 1745 777 1792 Vel
792 1743 890 1790 duo
908 1777 924 1804 ,
942 1735 1158 1808 νὼ...]
1182 1739 1249 1790 In
1272 1737 1514 1791 Puteano

534 1817 657 1872 cod.
674 1819 743 1871 n⁰
759 1819 897 1882 8048
912 1856 929 1882 ‚
949 1817 1166 1870 initium
1182 1834 1369 1870 versus
1387 1834 1515 1869 cum

476 1931 482 1936 -
533 1897 643 1950 fine
669 1897 1023 1969 praecedentis
1044 1897 1307 1949 cohaeret:
1331 1897 1515 1950 Persio

534 1978 681 2030 enim
696 1978 809 2032 haec
824 1976 1171 2040 tribuuntur,
1188 1977 1339 2048 quasi
1356 1975 1520 2030 dixis·

531 2069 611 2110 set
629 2076 644 2107 ι
667 2078 807 2108 nemo
832 2057 943 2125 (ais
964 2058 985 2124 )
1006 2055 1030 2107 Ξ)
1052 2058 1119 2107 ab
1134 2063 1155 2107 Ι
1181 2061 1355 2108 saltem
1387 2061 1518 2120 duo,

529 2141 623 2188 vel
638 2152 760 2196 cres,
780 2141 871 2187 vel
886 2139 1081 2202 aliquot
1100 2139 1223 2187 mihi
1250 2153 1396 2188 erunt
1410 2142 1512 2190 Iec-

528 2233 655 2269 tores
666 2237 684 2267 .·
702 2215 799 2269 sed
816 2214 1155 2269 adversarius
1164 2235 1275 2268 non
1292 2237 1513 2289 exspec-

528 2309 645 2351 tans
664 2296 837 2350 donec
859 2296 1159 2349 inchoatam
1193 2299 1510 2351 sententiam

529 2377 817 2431 absolverit
832 2415 848 2440 ‚
868 2376 1176 2447 interpellat
1196 2389 1249 2431 et
1266 2378 1506 2451 subjicit:

512 2460 697 2508 ..Nema
716 2461 869 2523 Turpe
888 2470 939 2506 et
954 2458 1244 2509 miserabile.
1268 2458 1410 2511 Huic
1430 2478 1510 2511 as·

526 2536 789 2588 sentimur
817 2536 1277 2607 interpretationi,
1306 2556 1427 2611 quae
1457 2550 1510 2591 et

526 2628 648 2689 apta
664 2618 939 2689 et‘elegans
955 2620 1287 2669 est.--Nemo.
1295 2624 1450 2685 Turpe
1462 2632 1513 2668 et

526 2701 819 2749 miserabile.
846 2696 1041 2749 Caeteri
1066 2698 1385 2768 interpretes
1411 2715 1503 2749 ex·

525 2776 729 2850 plicant
744 2798 757 2829 z
775 2794 915 2845 turpe
923 2780 1134 2828 etmiser.
1144 2778 1251 2829 scil.
1266 2794 1375 2828 esse
1389 2775 1504 2827 sine

523 2856 832 2911 lectoribus.
852 2860 965 2929 Ego
984 2875 1145 2910 vero:
1170 2854 1320 2928 quod
1341 2868 1404 2909 tu
1426 2854 1507 2907 di·-

446 2973 451 2977 ·
525 2937 601 2990 cis
623 2940 645 3007 (
659 2940 690 2989 ὅ
706 2958 851 2990 curas
870 2937 1030 3005 hom.)
1044 2973 1060 2999 ‚
1081 2947 1159 2987 est
1188 2950 1327 3001 turpe
1346 2950 1396 2985 ec
1415 2937 1504 2985 mi-

518 3020 755 3077 serabile,
785 3016 982 3068 tritum
1000 3053 1016 3078 ‚
1046 3013 1317 3069 insulsum
1336 3052 1352 3078 ‚
1380 3032 1504 3086 pes·

522 3090 751 3160 simum3
774 3098 880 3145 cela
898 3110 969 3145 esc
985 3097 1227 3154 mauvais',
1242 3097 1505 3161 picoyable.

523 3173 888 3246 Quaequidem
913 3174 1289 3245 interpretatio
1311 3189 1364 3227 et
1384 3195 1503 3228 mo·

520 3272 644 3307 roso
670 3252 1007 3317 adversario,
1028 3265 1081 3305 et
1113 3252 1311 3307 stolido
1341 3254 1501 3327 elegi-

520 3332 742 3387 diorum
752 3346 805 3385 et
820 3333 1181 3405 ampullarum
1192 3334 1506 3389 admiraturi

518 3414 766 3487 apprime
789 3414 1061 3467 convenit.
1089 3415 1155 3467 A.

452 3491 455 3497 ’
594 3501 649 3557 4.
691 3498 785 3545 Nae
839 3496 961 3545 mihi
1003 3499 1295 3561 Polydamas
1312 3534 1330 3555 ‚
1367 3508 1466 3547 ecc.
1489 3498 1510 3563 ]

522 3576 681 3632 Certe
696 3614 710 3637 ,
740 3574 921 3647 pergit
960 3574 1175 3628 Persius
1196 3613 1212 3637 ‚
1246 3574 1424 3627 mollis
1459 3586 1514 3626 et

518 3653 743 3723 ignavus
761 3652 1017 3723 princeps
1033 3690 1051 3716 ‚
1073 3652 1249 3723 qualis
1268 3663 1347 3703 est
1360 3652 1508 3703 Nero

521 3731 775 3805 (designa
785 3744 875 3785 tus
901 3731 1003 3786 sub
1029 3732 1251 3783 nomine
1276 3729 1510 3803 Polyda-

1588 1421 1818 1490 mantis)
1837 1459 1853 1484 ‚
1876 1431 2020 1476 certe
2037 1459 2056 1486 ‚
2077 1423 2222 1476 cives
2240 1421 2570 1485 effeminati,

1591 1499 1722 1555 viles
1759 1501 2019 1556 Troiades
2059 1497 2195 1555 mihi
2231 1503 2570 1574 praetulerint

1591 1581 1898 1635 Labeonem
1920 1619 1937 1648 ‚
1972 1594 2077 1635 etc.
2116 1581 2245 1646 sed,
2275 1583 2320 1635 si
2354 1583 2574 1637 turbida

1591 1663 1759 1715 Roma
1777 1701 1793 1728 ,
1825 1675 1926 1714 etc.
1955 1693 2027 1704 —-
2053 1667 2371 1734 Polydamas.
2406 1666 2569 1738 Inge-

1591 1743 1887 1796 niosissime
1903 1750 2059 1816 poeta
2072 1743 2208 1797 duos
2218 1763 2404 1798 versus
2418 1744 2575 1798 Iliad.

1593 1847 1628 1893 χ
1644 1865 1659 1889 ,
1678 1825 1784 1878 hoc
1812 1825 1976 1879 unico
1999 1826 2282 1897 expressit.
2308 1825 2570 1880 Πουλυδά-

1597 1925 1699 1974 μας
1717 1927 1798 1977 μοι
1817 1912 2010 1976 πρῶτος
2037 1907 2277 1978 ἐλεγχείην
2305 1907 2536 1965 ἀναθήσει
2555 1926 2572 1959 :

1598 1996 1652 2036 et
1707 1986 1886 2038 statim
1921 2025 1936 2050 ,
1978 1981 2226 2056 Αἰδὲομαι
2267 1991 2439 2056 Τρῶας
2487 1987 2574 2039 καὶ

1597 2061 1842 2134 Τρωάδας
1899 2068 2290 2126 ἑλκεσιπέπλους·
2344 2065 2431 2118 Sic
2487 2065 2573 2118 Μ.

1597 2145 1746 2196 Tull.
1769 2145 1926 2216 epist.
1963 2143 2031 2197 ad
2057 2144 2171 2196 Att.
2200 2144 2298 2198 lib.
2320 2145 2469 2208 VII,
2506 2163 2526 2196 1
2553 2165 2570 2197 ι

1589 2224 1752 2271 Aliter
1772 2239 1962 2270 sensero
1977 2229 2006 2270 P
2031 2219 2262 2295 αἰδέομαι
2291 2241 2392 2273 non
2423 2227 2575 2272 Pom-

1582 2301 1749 2367 peium
1774 2303 1948 2360 modo,
1971 2304 2059 2353 sed
2079 2309 2248 2374 Τρῶας
2262 2340 2284 2363 ,
2302 2303 2386 2357 καὶ
2403 2303 2576 2374 Τρωά-

1587 2378 1701 2442 δας·
1724 2376 2058 2451 Πουλυδάμας
2089 2403 2170 2452 μοι
2208 2390 2402 2455 πρῶτος
2433 2385 2575 2456 9327-

1587 2463 1721 2529 χείην
1754 2462 1810 2514 ἀν
1818 2458 1984 2517 oto-riost
2005 2479 2017 2512 ε
2043 2462 2178 2526 quis?
2195 2475 2246 2510 tu
2261 2465 2358 2529 ipse
2373 2463 2578 2521 scilicet,

1586 2542 1818 2589 laudator
1849 2536 1904 2587 el
1927 2541 2215 2604 scriptorum
2245 2550 2294 2589 et
2307 2540 2579 2607 factorum

1587 2637 1821 2668 meorum.
1862 2615 2180 2689 Polydamas
2215 2630 2399 2671 autem
2435 2618 2578 2671 Tro-

1580 2698 1755 2769 janus‚
1770 2696 1961 2751 Panthi
1981 2686 2142 2760 filius,
2162 2698 2420 2771 sapientia
2433 2716 2576 2771 prae-

1583 2778 1727 2830 ditus
1754 2818 1770 2843 ‚
1813 2776 2000 2832 eadem
2043 2792 2202 2833 nocte
2250 2791 2407 2831 natus
2459 2784 2576 2851 qua

1583 2858 1824 2925 Hector,
1857 2860 2014 2931 cujus
2060 2858 2170 2913 fuit
2213 2876 2392 2911 comes
2413 2897 2430 2925 ,
2473 2858 2573 2911 sed

1584 2938 1784 2993 Hector
1813 2940 1964 2993 hasta
1995 2940 2435 3011 potentissimus,
2460 2938 2570 2990 Ρο-

1581 3017 1819 3093 lydamas
1840 3028 2021 3073 autem
2035 3020 2213 3073 verbis
2233 3030 2444 3071 tantum
2462 3037 2568 3071 no-

1583 3111 1671 3151 tus
1704 3098 1844 3166 fuit3‘
1873 3096 2022 3173 quod
2049 3098 2137 3151 his
2169 3098 2430 3171 expressit
2452 3096 2567 3150 Ho-

1583 3196 1770 3230 merus
1792 3198 1807 3229 ε

1585 3319 1721 3371 Τοῖσι
1765 3313 1824 3369 δὲ
1873 3312 2216 3388 Πουλυδάμας
2258 3318 2572 3389 πεπνυμένος

1662 3392 1772 3467 ἦρχ’
1803 3398 2046 3467 ἀγορεύειν
2415 3424 2420 3431 v

1589 3481 1896 3547 Πανθοίδης·
1923 3488 1946 3538 δ
1973 3484 2071 3559 γὰρ
2111 3480 2204 3548 οἶος
2237 3486 2327 3556 ὅρα
2365 3486 2571 3556 πρόσσω

1670 3565 1752 3618 καὶ
1781 3566 1993 3619 ὀπίσσω.
2085 3592 2090 3597 ·

1587 3640 1762 3725 fixi-opt
1789 3649 1844 3706 δ’
1867 3648 1950 3708 ἦεν
1977 3655 2196 3724 ἑταῖρος,
2213 3654 2262 3722 ἰῇ
2289 3648 2341 3706 δ’
2361 3656 2407 3706 ἐν
2431 3654 2571 3707 νυκτὶ

1669 3736 1886 3803 γένοντο·

484 3928 495 3934 -
586 3896 652 3941 V.
682 3906 731 3941 a.
760 3878 953 3941 Nemo?
984 3892 1079 3939 Vel
1094 3890 1224 3947 duo,
1250 3890 1350 3938 vel.
1366 3924 1378 3937 .
1394 3925 1405 3937 .
1424 3924 1436 3937 .
1463 3889 1594 3945 'Vide
1621 3906 1771 3955 supra
1792 3876 2230 3941 commentarium.

494 3970 499 3975 -
589 4002 658 4048 V.
685 4008 733 4056 4.
761 3992 1007 4049 ᾖοίαᾶσε.
1034 3999 1223 4046 Omnes
1245 3998 1408 4045 nostri
1440 3970 1592 4046 codd.
1617 3998 1780 4046 tribus
1801 3978 2023 4063 exceptis
2038 4032 2054 4057 ,
2076 4008 2127 4045 et
2148 3996 2353 4061 quidem
2374 3996 2566 4048 infima

520 4092 655 4130 ποτε
672 4114 686 4137 ,
708 4079 797 4145 qui
814 4078 1005 4127 habent
1030 4076 1265 4128 Troiadas
1274 4112 1293 4138 ‚
1317 4078 1444 4127 male
1467 4078 1478 4125 !
1509 4076 1630 4129 Cod.
1650 4089 1844 4139 noster,
1872 4078 1964 4127 vel
1989 4078 2210 4127 Troades.
2268 4116 2274 4123 .
