2775 4619
544 431 669 498 106

1047 427 1127 488 A.
1175 423 1382 488 PER
1406 416 1575 488 SII'·
1608 422 1996 489 FLAGCI

620 551 882 618 Seriolae
907 566 1190 623 veterem
1219 565 1515 614 metuens
1544 545 1855 613 deradere
1880 548 2112 612 limum
2135 595 2155 628 ,

621 666 938 756 Ingemit,
959 666 1086 730 hoc
1105 664 1275 728 bene
1293 665 1408 744 sit,
1432 664 1799 730 tunicatum
1820 679 1975 738 curn
1998 663 2129 728 sale
2152 661 2458 728 mordens
2516 673 2595 726 30

531 863 613 934 gia
650 859 888 913 hominis
927 857 1072 912 avari
1111 853 1408 927 descriptio
1448 875 1516 908 ex

533 941 822 1014 adjunctis.
865 937 920 990 Is
945 976 961 1003 ‚
998 938 1183 1008 inquit
1205 977 1222 1003 ‚
1254 941 1382 990 011111
1424 937 1514 990 alii

533 1021 711 1074 Genio
739 1018 1031 1090 indulgent
1051 1053 1067 1082 ‚
1097 1037 1262 1070 suum
1297 1015 1515 1070 defrau-

530 1103 643 1154 dat.
682 1100 1180 1166 R—Qttandoque,
1207 1118 1311 1170 pro
1348 1117 1515 1170 quan·

513 1181 856 1254 ‘documqua
883 1211 956 1220 --
981 1186 1161 1249 Iugum
1199 1195 1405 1246 pertusa
1442 1183 1517 1230 ad

528 1265 740 1329 compita
752 1263 892 1332 figit.
923 1255 1051 1314 Haec
1085 1274 1232 1312 certe
1264 1257 1510 1312 indicant

527 1343 884 1396 cessationem
910 1341 1092 1412 operis
1127 1340 1336 1392 rustici.
1363 1339 1510 1392 Tum

526 1442 655 1475 vero
666 1425 857 1495 jugum
871 1421 1250 1493 suspenditur,
1263 1420 1510 1490 agricolae

527 1521 674 1555 sacra
704 1515 972 1574 peragunt
990 1538 1006 1565 ‚
1033 1516 1089 1555 et
1121 1503 1344 1554 hilarius
1379 1517 1513 1554 con-

523 1583 662 1634 vivia
705 1583 1023 1646 celebrant3
1065 1580 1216 1652 quod
1255 1593 1404 1652 patet
1442 1600 1511 1633 ex

531 1663 786 1728 Tibullo,
813 1662 911 1716 lib.
938 1663 995 1714 II
1012 1701 1026 1725 ‚
1049 1663 1215 1734 eclog.
1241 1679 1264 1714 1
1290 1681 1303 1712 ε

526 1763 652 1807 Luce
667 1759 794 1807 sacra
807 1795 821 1816 ,
836 1761 1084 1822 requiescit
1099 1762 1266 1806 humus
1276 1795 1290 1816 ,
1307 1761 1513 1822 requies-

607 1855 624 1866 ·
651 1833 717 1878 cit
743 1841 921 1888 arator,

586 1905 650 1948 Et
673 1917 814 1965 gmvc
829 1935 844 1959 ,
869 1911 1092 1964 suspenso
1123 1917 1336 1959 vomere,
1363 1913 1511 1950 cessat

651 1991 788 2036 opus.

523 2063 628 2116 Sed
646 2099 660 2126 ,
680 2065 807 2134 juga
833 2063 902 2116 ad
936 2065 1186 2135 compita.
1201 2081 1473 2135 reponere
1492 2083 1512 2130 3

523 2144 659 2198 cur?
680 2158 776 2196 aut
802 2161 914 2196 non
949 2163 1052 2197 suo
1089 2163 1322 2216 quaeque
1351 2147 1508 2209 loco,

522 2227 621 2278 nbi
641 2227 838 2278 servari
859 2227 1034 2278 solent
1055 2240 1110 2279 et
1129 2227 1317 2278 haberi
1339 2245 1511 2297 quan-

523 2305 597 2358 do
613 2326 725 2358 non
738 2307 1106 2377 occupantur?
1117 2307 1282 2359 Hunc
1295 2324 1509 2359 rnorem

521 2406 578 2446 30
613 2389 860 2459 ignorare
894 2388 1130 2457 ingenue
1169 2388 1364 2439 fatetur
1406 2388 1506 2439 Ca-

522 2467 813 2519 saubonus.
850 2467 1078 2519 Prateus
1118 2468 1194 2519 ita
1231 2467 1499 2537 explicat:

523 2543 982 2617 quandocumque
1015 2544 1134 2616 figit
1160 2548 1287 2617 juga
1319 2542 1504 2614 (domi

511 2626 763 2695 scilicet)
783 2664 800 2691 ‚
829 2630 904 2677 ud
927 2614 1145 2693 compita
1175 2642 1411 2693 pertusa,
1443 2626 1504 2679 id

519 2718 602 2763 est
619 2743 635 2771 ‚
665 2705 733 2758 ad
753 2706 1061 2777 compitalia
1089 2707 1222 2759 festa
1248 2726 1505 2777 peragen-

521 2785 608 2839 da.
625 2792 829 2837 Pertusa
841 2825 858 2851 ‚
879 2786 1036 2839 addit
1055 2786 1204 2840 idem
1217 2825 1234 2851 ‚
1256 2786 1503 2859 designat

517 2880 607 2919 tan
613 2879 730 2927 tum
741 2868 915 2920 solere
925 2867 1230 2939 compitalia
1239 2868 1501 2922 celebrari

514 2946 576 2998 in
610 2938 754 2999 locis
775 2948 973 3019 perviis
1012 2962 1068 3000 et
1108 2949 1495 3019 frequentatiS‚

515 3026 762 3099 adeoque
784 3030 842 3084 in
871 3028 1150 3100 compitis.
1181 3030 1306 3081 Haec
1335 3030 1501 3083 inter-

513 3109 752 3178 pretatio
775 3106 1099 3172 dura-nobis
1117 3108 1336 3162 videtur
1352 3148 1369 3175 ,
1396 3128 1500 3162 nec

515 3188 630 3239 111Ιὰ
663 3191 984 3243 auctoritate
1031 3190 1369 3243 confirmata.
1413 3192 1499 3243 Ita

519 3266 746 3321 demum
790 3282 896 3323 vet.
953 3272 1130 3323 sch-ol.
1182 3295 1207 3318 ur
1237 3273 1499 3343 Compita

521 3373 542 3395 ιι
565 3362 696 3401 sunt
725 3350 842 3402 loca
878 3352 937 3402 in
981 3352 1310 3423 quadriviis,
1339 3352 1493 3425 quasi

521 3454 544 3475 «
569 3441 750 3482 turres
782 3468 799 3494 ,
845 3432 944 3483 ubi
991 3432 1251 3485 sacrificia
1279 3471 1296 3496 ‚
1335 3432 1495 3483 finita

519 3536 542 3556 a
565 3512 912 3583 agricultura,
923 3514 1115 3566 rusti-ci
1129 3513 1447 3565 celebraban
1456 3525 1491 3562 t.

521 3615 543 3637 α
566 3591 767 3645 Merito
778 3610 1010 3660 pertusa,
1030 3596 1160 3666 quia
1182 3613 1285 3665 per
1303 3612 1494 3646 omnes

1598 881 1621 902 ι
1646 869 1887 927 quatuor
1902 869 2085 927 partes
2100 869 2322 926 pateant
2337 896 2353 923 ‚
2376 857 2467 910 vel
2490 877 2591 910 ve-

1598 959 1623 982 «
1645 947 1789 989 tusta
1814 957 1829 988 ε
1854 935 1944 990 vel
1970 937 2215 1007 compita
2246 956 2361 988 non
2396 937 2591 988 30111111

1598 1042 1621 1065 α
1644 1029 1776 1068 sunt
1814 1017 1871 1068 in
1915 1017 2068 1068 Urbe
2105 1017 2225 1068 loca
2244 1055 2261 1080 ‚
2286 1015 2383 1068 sed
2414 1019 2590 1093 etiam

1598 1123 1620 1144 ι
1641 1097 1741 1150 viae
1764 1097 2002 1167 publicae
2030 1115 2093 1148 ac
2120 1096 2454 1152 diverticula
2482 1098 2589 1150 ali-

1593 1203 1617 1224 «
1640 1195 1885 1248 quorum
1920 1176 2230 1228 confinium
2252 1215 2267 1238 ,
2306 1177 2403 1228 ubi
2446 1177 2586 1229 aedi-

1594 1284 1617 1304 ι
1640 1259 1776 1309 culae
1796 1271 2187 1320 consecrantur
2208 1273 2481 1329 patenteS.
2510 1259 2583 1310 In

1595 1364 1618 1384 ι
1640 1339 1723 1390 1113
1738 1339 1869 1409 juga
1897 1338 2066 1390 fracta
2098 1339 2163 1391 ab
2197 1338 2449 1410 agricolis
2474 1359 2583 1410 po-

1594 1445 1618 1466 «
1641 1433 1859 1470 nuntur
1884 1457 1901 1485 ,
1939 1419 2155 1472 emeriti
2190 1435 2260 1473 et
2306 1419 2580 1472 elaborati

1595 1525 1617 1545 ι
1642 1498 1824 1570 operis
1844 1499 2138 1554 indicium.
2158 1524 2181 1544 a
2206 1498 2579 1570 Quaequidem

1590 1579 1880 1649 explicatio
1941 1581 2008 1632 ab
2067 1580 2369 1650 interprete
2428 1599 2577 1650 pene

1590 1677 1773 1712 coaevo
1797 1660 2034 1730 genuina
2054 1660 2219 1730 magis
2244 1659 2402 1711 nobis
2419 1659 2576 1712 vide·

1591 1750 1703 1793 tur.
1741 1740 2053 1806 Caeterum,
2076 1742 2188 1794 istae
2224 1740 2465 1793 aediculae
2504 1740 2575 1794 dc

1590 1823 1793 1894 quibus
1822 1836 1934 1879 vet.
1974 1823 2147 1875 schol.
2182 1821 2441 1892 loquitur
2474 1841 2577 1874 eae-

1590 1900 1717 1952 dem
1748 1921 1861 1954 esse
1886 1900 2151 1954 videntur
2176 1919 2236 1952 ac
2254 1903 2574 1967 lanipervii,

1590 1997 1833 2051 qnorum
1881 1982 2205 2047 Mongsaucon
2224 2016 2242 2039 ,
2278 1979 2572 2050 Antiquite

1588 2062 1899 2132 Expliqu'ee
1910 2101 1927 2126 ‚
1942 2061 2006 2111 T.
2027 2062 2117 2112 ΙΙΙ
2130 2098 2146 2125 ,
2158 2053 2397 2132 'figuram
2412 2061 2574 2112 nobis

1588 2142 1830 2195 exhibet.
1861 2145 1927 2193 A.

1662 2241 1745 2290 ²9·
1762 2226 1961 2273 Seriolae
1972 2223 2229 2292 veterem]
2250 2225 2439 2272 δηίοιο
2449 2259 2466 2282 ,
2486 2221 2575 2274 di-

1588 2305 1923 2357 minutivum
1959 2320 1990 2357 a
2024 2307 2169 2355 εενία.
2199 2302 2333 2356 vid.
2368 2320 2572 2374 supra,

1587 2396 1682 2437 sat.
1716 2386 1777 2437 II
1795 2422 1812 2446 ,
1832 2405 1886 2437 v.
1922 2403 1945 2438 1
1958 2402 2005 2437 1.
2020 2416 2093 2427 -—-
2106 2389 2361 2437 Det-odere
2380 2388 2569 2435 limum.

1584 2462 1806 2517 Limum
1841 2478 2000 2518 vocat
2036 2466 2254 2535 picem3
2283 2466 2385 2517 hac
2414 2465 2569 2517 enim

1583 2546 1831 2598 linebant
1858 2545 2007 2598 dolia
2032 2558 2087 2597 et
2110 2546 2308 2597 serias:
2330 2544 2463 2597 inde
2488 2562 2573 2597 30-

1583 2628 1687 2679 rias
1718 2628 1951 2679 relinere
1975 2665 1992 2691 ,
2026 2638 2081 2679 et
2100 2660 2117 2690 ,
2154 2638 2347 2679 contra
2369 2664 2385 2688 ‚
2418 2630 2573 2677 derna

1582 2711 1699 2757 dere
1720 2710 1904 2758 limum.
1924 2706 2261 2766 Sic-Casaub.
2278 2708 2534 2759 Attamen
2548 2744 2568 2769 ,

1582 2788 1689 2852 hoc
1728 2787 1899 2841 verbo
1948 2788 2123 2838 limum
2136 2826 2155 2848 ,
2186 2786 2405 2841 videtur
2448 2806 2571 2839 non

1582 2870 1763 2923 solum
1786 2869 1909 2939 pice
1936 2868 2101 2933 serias
2128 2882 2183 2921 ct
2206 2867 2353 2921 dolia
2378 2868 2571 2921 11111330

1581 2962 1791 3005 veteres
1810 2970 1827 3015 3
1848 2948 1945 3003 sed
1970 2961 2027 3001 et
2050 2949 2235 3019 argilla
2256 2967 2485 3019 quoqne
2510 2962 2569 3003 et

1578 3032 1734 3083 limo.
1765 3032 1831 3081 A.

1652 3112 1741 3163 30.
1784 3114 2027 3178 Ingemit,
2058 3112 2151 3160 hoc
2186 3114 2306 3161 hene
2336 3108 2431 3177 sia]
2472 3110 2567 3161 Ob

1578 3190 1857 3247 avaritiam
1874 3230 1890 3254 ‚
1925 3203 2187 3262 tanquam
2222 3205 2340 3242 rem
2374 3191 2565 3259 magni

1578 3271 1833 3341 sumptim
1856 3271 2047 3334 faciat,
2083 3270 2225 3323 tristi
2252 3288 2388 3325 voce
2416 3268 2565 3323 illud
2638 3264 2651 3277 ’

1575 3353 1818 3406 solemne
1838 3352 2167 3421 pronuntiat
2188 3370 2201 3401 :
2228 3353 2321 3401 hoc
2338 3354 2465 3401 bene
2483 3354 2565 3403 sit.

1574 3434 1757 3485 Verba
1794 3430 2059 3485 solemnia
2098 3445 2151 3485 01
2184 3428 2565 3503 deprecatoria

1576 3512 1813 3583 antiquis
1830 3512 2085 3583 usurpari
2100 3512 2257 3564 solita
2274 3512 2333 3563 in
2355 3510 2567 3581 magnis

1574 3595 1859 3666 susceptis.
1890 3594 2097 3647 Pariter
2126 3606 2182 3646 et
2210 3594 2268 3645 in
2296 3592 2565 3646 conviviis

583 3774 648 3819 V.
683 3790 765 3835 29.
803 3777 1036 3822 Veterem.
1063 3774 1183 3823 cod.
1209 3772 1437 3831 Pitheci,
1458 3763 1671 3830 veteris,
1692 3790 1802 3822 non
1829 3773 1957 3823 mle
1984 3786 2205 3838 quoqne.
2232 3765 2419 3822 Noster
2442 3772 2563 3823 eod.

520 3862 573 3899 et
593 3853 704 3910 alii,
729 3866 962 3901 veterem.
986 3853 1115 3901 Edit.
1147 3864 1244 3901 vet.
1271 3854 1459 3902 Britan.
1489 3865 1538 3902 et
1559 3854 1772 3913 Aldina,
1798 3852 1995 3901 veteris.
2684 3896 2695 3907 .
2726 3866 2769 3914 31

587 3962 650 4005 V.
689 3962 769 4007 30.
809 3959 893 4008 Sit.
925 3960 1006 4011 Fit
1031 3978 1130 4027 pro
1161 3960 1227 4011 sic
1252 3960 1405 4011 habet
1443 3961 1555 4010 cod.
1590 3962 1887 4019 Thamnus,
1918 3960 2053 4009 facili
2091 3958 2405 4009 aberratione
2437 3958 2561 4009 scri-
2676 3960 2760 4032 -51',

513 4038 678 4087 bentis
686 4037 738 4103 f
742 4056 835 4104 pro
858 4058 893 4087 s.
2524 4048 2529 4053 “
