2775 4619
432 569 478 599 s

555 348 639 417 72

1089 322 1168 386 A.
1218 320 1597 389 PERSII
1662 320 2043 387 FLACCI

642 450 1116 532 Censoremque
1141 462 1331 509 tuum
1355 446 1460 511 vel
1488 445 1702 533 quod,
1727 444 2048 545 trabeate,
2078 442 2367 508 salutas?

639 560 748 629 Ad
769 560 1092 649 populum
1112 559 1429 648 phaleras.
1452 560 1593 650 Ego
1618 576 1677 623 te
1695 536 1902 638 intus,
1924 575 1988 623 et
2010 559 2083 622 in
2110 574 2261 623 cute
2286 554 2469 627 novi.
2542 568 2610 620 30

637 675 703 741 N
705 698 792 740 on
822 674 1022 763 pudet
1049 673 1132 737 ad
1163 696 1411 738 morem
1435 673 1734 739 discincti
1756 674 1973 737 vivere
2000 689 2243 739 nattae.
2208 670 2237 719 ⁹

639 789 768 855 Sed
797 804 1015 877 stupet
1043 788 1153 901 hfic
1176 789 1339 853 vitio
1358 838 1377 869 ,
1404 805 1468 855 et
1496 787 1677 853 fibris
1703 788 1977 875 increvit
2001 783 2299 877 opimum

623 982 710 1033 29.
733 966 1083 1029 censoremque
1105 978 1237 1013 tuum
1257 962 1401 1033 ‚etc.]
1423 960 1528 1018 Vel

548 1062 685 1097 eone
699 1042 798 1094 tibi
811 1043 1008 1114 places,
1025 1042 1176 1115 quod
1197 1056 1350 1096 ortus
1365 1061 1429 1093 ex
1444 1061 1530 1113 ge-

546 1141 680 1176 nere
694 1136 901 1201 equest.
911 1140 1191 1182 censorem
1205 1135 1263 1175 tu
1271 1141 1365 1175 um
1379 1124 1530 1193 (sup-

545 1203 640 1273 ple
661 1204 979 1273 parentem)
1005 1202 1201 1254 salutas
1215 1201 1240 1253 Ξ)
1261 1202 1326 1253 In
1353 1213 1528 1254 trans-

545 1283 794 1336 vectione
817 1321 833 1347 ,
877 1282 1086 1353 equites
1135 1282 1364 1335 trabeati
1408 1300 1532 1335 cen·

544 1380 724 1415 sorem
740 1364 1091 1434 praeteribant
1116 1381 1178 1416 ac
1204 1363 1527 1416 salutabant.

545 1444 1084 1497 —Tb-abeaseffrabea
1095 1443 1306 1497 indute.
1321 1443 1529 1496 Trabea

539 1522 755 1593 insigne
788 1523 1080 1598 proprium
1118 1523 1433 1575 consulibus
1470 1536 1524 1576 et

541 1602 942 1673 magistratibus
973 1640 990 1666 ‚
1037 1601 1132 1654 sed
1180 1603 1522 1672 potissimum

542 1682 839 1753 equitibus.
867 1683 948 1734 De
973 1683 1080 1735 hoc
1105 1682 1266 1743 vestis
1292 1700 1491 1753 genere
1507 1720 1524 1747 ‚

538 1762 652 1815 vid.
680 1761 749 1815 ad
774 1764 807 1814 J
813 1780 979 1814 uven.
1010 1774 1108 1813 sat.
1131 1762 1304 1825 VIII,
1327 1782 1377 1814 v.
1402 1764 1520 1815 258.

613 1839 696 1894 30.
719 1846 808 1893 Ad
823 1844 1061 1908 populum
1079 1844 1368 1910 phaleras]
1396 1842 1522 1895 Hoee

540 1923 701 1975 verba
714 1923 876 1994 plane
894 1920 1294 1976 accommodata
1314 1922 1382 1975 ad
1399 1941 1525 1994 pro-

473 2024 486 2041 ·
538 2004 816 2074 po'situmz
843 2004 952 2074 agit
977 2003 1124 2056 enim
1151 2015 1338 2057 contra
1366 2006 1524 2077 equi-

539 2094 650 2135 tem
688 2085 1015 2137 Romanum.
1056 2083 1293 2137 Phalera
1339 2099 1523 2137 autem

538 2175 667 2215 sunt
686 2163 952 2234 equestria
971 2176 1303 2216 ornamenta.
1322 2162 1523 2217 Sensus

535 2260 666 2314 ergo
689 2255 768 2295 est
789 2262 800 2294 =
823 2244 867 2295 si
895 2243 1034 2295 nihil
1059 2244 1250 2307 habes,
1277 2262 1389 2316 quo
1407 2245 1520 2316 glo-

531 2321 690 2374 rieris
705 2359 721 2388 ,
753 2336 952 2392 prater
981 2326 1246 2391 phaleras,
1283 2324 1485 2377 scilicet
1500 2363 1517 2390 ‚

531 2401 679 2452 bona
707 2401 952 2472 corporis
978 2415 1072 2454 aut
1100 2403 1336 2455 fortunae
1356 2422 1373 2469 ;
1394 2403 1483 2456 abi
1499 2441 1517 2468 ,

533 2491 591 2532 et
616 2480 828 2551 populo
857 2492 952 2532 tua
977 2480 1069 2532 illa
1105 2480 1246 2533 bona
1274 2483 1507 2551 jactato,

533 2559 746 2630 populo
783 2560 878 2632 qui
903 2595 921 2626 ,
961 2561 1038 2614 ait
1080 2561 1267 2615 Horat.
1301 2562 1402 2615 lib.
1448 2565 1477 2615 1
1499 2602 1517 2631 ,

531 2652 626 2694 sat.
660 2644 692 2694 6
711 2678 728 2705 ‚
757 2661 811 2694 v.
849 2641 946 2694 15:
1404 2681 1411 2690 .

539 2766 853 2780 .......
888 2735 1088 2791 Stultus,
1113 2737 1313 2784 honores

529 2805 658 2866 Saepe
675 2804 755 2850 dat
771 2804 999 2872 indignis,
1023 2816 1070 2862 et
1085 2806 1217 2857 saum
1225 2807 1365 2857 servit
1381 2807 1513 2872 inep-

653 2885 726 2924 tus
742 2911 756 2932 ,

530 2945 590 2991 Et
610 2957 765 3008 stupet
790 2947 839 2994 in
859 2947 1028 3004 titulis,
1051 2957 1097 2994 et
1119 2949 1413 3013 imaginibus.
1435 2984 1446 2996 .
1468 2985 1478 2996 .
1500 2985 1511 2997 .

528 3065 601 3076 ·—
614 3040 718 3102 Ego
739 3050 784 3095 ee
807 3039 961 3100 incus,
986 3052 1037 3088 et
1059 3040 1110 3088 in
1130 3053 1239 3091 cute
1257 3042 1381 3090 novi.
1400 3041 1515 3112 Ego

526 3113 674 3176 enim
696 3115 824 3168 novi
845 3121 1010 3186 quam
1031 3117 1103 3168 sis
1123 3121 1385 3178 introrsum
1407 3133 1513 3168 tur-

521 3195 628 3259 pis,
655 3198 986 3261 nequicquam
1008 3197 1139 3262 pelle
1165 3201 1382 3252 decorus,
1411 3197 1471 3250 C.

1607 960 1761 1013 vita?
1786 992 1857 1002 --
1868 962 2161 1013 wDiscinctz'.
2206 998 2218 1010 .
2259 976 2429 1013 name.
2449 962 2474 1031 Ἰ
2524 962 2605 1015 Ita

1609 1040 1834 1094 Casaub.
1868 1040 2087 1093 -Nattae
2105 1058 2321 1111 semper
2339 1041 2399 1092 in
2424 1060 2601 1094 mem-

1613 1122 1886 1182 «branis‚
1922 1134 1977 1174 et
2019 1122 2092 1175 ita
2141 1120 2201 1174 in
2244 1120 2603 1174 Pinariorum

1614 1204 1924 1264 mammis,
1944 1203 2042 1274 qui
2062 1204 2165 1254 hoc
2186 1220 2494 1274 cognomen
2516 1215 2601 1255 tu-

1617 1281 1867 1333 «.lerunt
1882 1280 2109 1359 Proprie
2130 1280 2205 1332 sic
2217 1280 2488 1333 vocabant
2504 1281 2602 1352 qui

1616 1360 1901 1415 «sordidas
1938 1375 2077 1420 artes
2121 1359 2497 1427 exercebant,
2538 1370 2601 1413 ut

1614 1445 1934 1508 «fullones,
1964 1456 2017 1496 et
2052 1439 2385 1515 βυρσοδέψας.
2424 1442 2599 1513 Origo

1612 1548 1635 1570 ι
1654 1522 1805 1575 vocis
1822 1520 2043 1585 Groeca‚
2068 1534 2132 1573 ut
2158 1520 2340 1575 sciunt
2362 1521 2595 1575 eruditi.

1610 1629 1631 1650 ι
1654 1602 1843 1655 Postea
1867 1601 1932 1658 ad
1959 1602 2201 1664 animum
2231 1600 2596 1667 transtulere,

1609 1709 1631 1729 ι
1656 1698 1709 1736 et
1728 1684 1848 1735 vitae
1863 1681 2137 1735 dissolutae
2156 1679 2411 1734 homines
2424 1696 2597 1755 atque
2681 1732 2689 1739 ,

1609 1788 1632 1809 ι
1653 1762 1951 1814 inhoneste
1979 1762 2052 1814 ita
2087 1760 2346 1813 dixerunt
2367 1800 2387 1826 ,
2420 1762 2597 1833 qualis

1608 1867 1629 1887 ι
1652 1842 1765 1894 fere
1791 1842 1904 1895 vita
1942 1854 2021 1893 est
2046 1840 2265 1913 pullatae
2295 1841 2477 1895 turbae
2495 1880 2512 1905 ,
2543 1852 2596 1894 et

1607 1948 1630 1970 ι
1652 1941 1845 1975 eorum
1884 1940 2027 1998 quos
2069 1924 2324 1973 discinctos
2367 1922 2595 1985 Latini,

1606 2032 1629 2053 ι
1656 2005 1829 2057 Graeci
1852 2006 2076 2064 ἐκλύτους
2094 2015 2312 2055 vocant.
2326 2035 2340 2048 ·
2358 2036 2373 2048 ·
2389 2034 2402 2048 ·
2431 2004 2596 2055 Zonae

1606 2109 1630 2129 α
1652 2084 1798 2136 enim
1835 2100 1966 2133 usus
2004 2081 2150 2153 apud
2190 2093 2406 2133 veteres
2441 2081 2590 2134 indi-

1608 2188 1631 2210 ι
1653 2164 1801 2215 cium
1820 2163 2056 2215 faciebat
2092 2161 2392 2216 emendatas
2421 2173 2479 2214 et
2504 2182 2591 2215 so-

1604 2268 1627 2293 «
1648 2244 1779 2296 briae
1812 2243 1954 2297 vitae.
1980 2268 2002 2289 ι
2044 2242 2253 2296 Eodem
2294 2242 2465 2295 modo
2501 2244 2591 2296 in-

1599 2336 1931 2396 terpretatur
1961 2323 2201 2376 Turneb.
2228 2322 2458 2380 AdverS.
2488 2324 2587 2376 lib.

1582 2405 1835 2478 XXIII,
1881 2423 2000 2476 cap.
2057 2405 2122 2456 23
2153 2443 2169 2468 ‚
2219 2417 2592 2476 preterquam

1598 2479 1747 2552 quod
1766 2519 1784 2544 ,
1812 2499 1918 2553 pro
1950 2493 2134 2540 naetae,
2165 2480 2299 2551 legit
2332 2495 2532 2541 nacae,
2560 2500 2589 2533 a

1599 2562 1742 2624 νάκος
1759 2599 1773 2620 ,
1793 2563 1953 2633 pellis
1976 2580 2103 2615 cum
2126 2579 2227 2615 suo
2251 2561 2403 2633 pilo:
2432 2564 2591 2634 quasi

1597 2654 1805 2694 veteres
1847 2641 1933 2694 his
1974 2638 2241 2713 designari
2282 2640 2590 2694 voluissent

1592 2721 1875 2775 hominem
1903 2719 2141 2791 pellibus
2168 2739 2298 2773 cum
2324 2720 2456 2790 pilis
2480 2739 2587 2792 pro

1591 2799 2589 2872 vestibusindutudeeoquenactam,

1593 2881 1872 2942 hominem
1895 2901 1959 2935 ex
1982 2880 2171 2942 infima
2194 2881 2373 2953 plebe.
2394 2882 2485 2935 Ex
2502 2883 2586 2935 his
2642 2874 2648 2883 ’

1596 2961 1777 3033 colligi
1824 2975 2008 3034 potest
2059 2979 2261 3016 nomen
2316 2976 2475 3014 nattae
2526 2963 2584 3016 in

1595 3061 1719 3096 men
1726 3055 1779 3094 te
1792 3047 1970 3112 po'e‘tae
1984 3042 2150 3100 fuisse
2164 3059 2275 3094 non
2288 3043 2585 3113 proprium

1594 3122 1771 3175 cuivis
1816 3123 2104 3187 Romano,
2141 3120 2235 3177 sed
2282 3139 2583 3176 commune

1588 3202 1845 3254 omnibus
1866 3203 1963 3274 qui
1987 3200 2303 3256 dissolutam
2326 3203 2585 3256 viverent

601 3269 688 3322 31.
717 3275 830 3324 Non
852 3277 1012 3340 pudet
1043 3277 1115 3325 ad
1145 3296 1365 3336 morem,
1393 3279 1501 3349 eta]
1586 3283 1772 3336 vitam.
1814 3279 1949 3336 Ideo
1989 3301 2090 3354 per
2130 3304 2163 3334 n
2201 3280 2582 3354 minusculum

524 3350 748 3412 Nihilne
807 3367 858 3406 te
917 3353 1093 3426 pudet
1155 3359 1366 3429 generis
1422 3361 1506 3420 tui
1585 3361 1727 3414 illud
1746 3361 2385 3435 scribendumjudicavi.
2415 3363 2481 3414 A.

522 3432 864 3498 nobilitatem
895 3435 1228 3490 inhonesta
1212 3439 1506 3511 inquinare

1658 3442 1744 3499 32
1769 3445 1867 3494 Sed
1878 3457 2038 3512 stupet
2053 3445 2133 3494 Ῐιὶο
2149 3443 2313 3514 vicia]
2341 3443 2411 3496 In
2432 3442 2579 3514 pari-

591 3597 656 3642 V.
697 3610 781 3657 29,
819 3595 1187 3662 Censor-eraque,
1216 3602 1332 3650 Vet.
1366 3601 1524 3660 schol.
1562 3603 1721 3652 codd.
1756 3605 2097 3665 Mazarineus‚
2128 3607 2413 3666 Puteanus,
2443 3609 2579 3654 Fau·-

483 3691 490 3702 ·
521 3675 699 3738 chetii,
720 3677 944 3726 Colbert.
963 3682 1032 3738 11,
1055 3681 1219 3744 8049,
1235 3693 1400 3731 ettres
1418 3684 1533 3742 alii,
1555 3701 1868 3733 censoremve.
1888 3685 2211 3736 casaubonus
2232 3703 2577 3750 censoremne;

518 3773 630 3820 quae
657 3759 807 3806 lectio
842 3760 977 3824 apud
1007 3761 1205 3808 nullum
1241 3763 1356 3810 cod.
1394 3765 1675 3828 invenitur·
1698 3783 1790 3831 ego
1814 3783 1933 3815 vero
1963 3784 2308 3832 censoremque
2334 3769 2576 3834 praefero3

519 3852 624 3900 quo
646 3838 810 3897 enim,
831 3849 891 3886 ut
908 3840 978 3886 ait
999 3841 1214 3890 Casaub.
1243 3841 1432 3908 duplex
1456 3842 1795 3909 disjunctiva?
1818 3846 1945 3896 eod.
1977 3857 2179 3906 noster,
2201 3863 2574 3920 censoremque

590 3921 658 3968 V.
699 3919 876 3970 Naetce.
905 3921 1079 3970 Nactoe
1104 3939 1198 3998 pro
1226 3935 1379 3975 natta·
1406 3924 1595 3976 habent
1624 3929 1889 3998 nonnulli,
1913 3939 1962 3978 et
1987 3929 2099 3988 cod.
2126 3941 2319 3989 noster.
