2775 4619
842 284 885 323 Ι

608 323 734 407 194
1060 316 1349 383 VETT.
1401 316 2156 407 COMMENTARH

679 445 754 500 V.
787 440 881 510 54.
909 442 1028 498 Sub
1052 445 1177 499 sole
1206 444 1460 513 recenti]
1487 444 1587 501 Est
1615 441 1712 501 hic
1740 462 1942 503 sensus
1963 444 2038 503 ab
2059 445 2302 507 Horatio
2325 460 2586 508 tractus:

952 550 1049 598 Hic
1074 560 1234 597 mutat
1255 566 1444 597 merces
1467 560 1704 615 surgente
1728 566 1756 598 a
1781 552 1902 600 sole.

640 696 648 703 .
675 648 747 703 V.
783 646 877 717 73.
918 646 1174 719 Quisque
1204 646 1454 715 Velitum
1481 644 1692 705 Velina
1727 645 1916 707 trihus
1951 666 2201 706 numero
2239 647 2489 708 aliarum
2534 652 2656 709 tri-

595 744 787 801 buum
802 734 1069 800 accessit:
1090 754 1149 799 et
1170 742 1276 819 qui
1298 741 1453 799 circa
1470 733 1752 799 Velinum
1774 742 1973 801 lacum
1994 744 2362 817 habitabant,
2383 752 2654 807 Romam

596 839 858 898 translati
882 850 1037 895 sunt.
1067 838 1274 896 Romae
1299 852 1500 897 autem
1527 850 1650 896 erat
1675 841 2079 913 consuetudo,
2101 855 2170 899 ut
2197 844 2302 921 qni
2324 864 2400 901 ex
2423 864 2656 903 manu-

594 938 871 996 missione
898 936 1051 994 cives
1078 936 1329 995 Romani
1356 936 1792 1009 efficiebantur,
1815 939 1880 998 in
1901 958 2152 997 numero
2175 940 2396 999 civium
2417 944 2655 1001 Roma-

598 1054 813 1095 norum
838 1034 1201 1091 frumentum
1225 1032 1537 1111 publicum
1563 1033 1915 1113 acciperent.

673 1144 748 1199 V.
798 1138 895 1213 75.
949 1140 1168 1213 Quibus
1210 1158 1328 1195 una
1380 1141 1704 1213 Quantem]
1748 1143 1914 1210 Quos
1953 1141 2450 1201 manumittebant
2473 1185 2492 1214 ,
2537 1164 2654 1204 eos

592 1238 760 1317 alapa
790 1256 1097 1316 percussos
1123 1236 1598 1315 circumagebant
1614 1280 1632 1307 ‚
1661 1249 1720 1294 et
1745 1236 1964 1295 liberos
1993 1236 2435 1298 confirmabant.
2455 1242 2652 1321 „Unde

593 1335 980 1395 manumissio
1009 1334 1163 1393 dicta
1182 1379 1199 1407 ,
1226 1334 1394 1413 quod
1421 1335 1949 1393 manumitteretur.
1977 1336 2268 1409 Quiritem
2292 1352 2494 1397 autem
2521 1342 2655 1399 sin-

592 1431 872 1512 gulariter
918 1432 1159 1490 abusive
1211 1430 1360 1489 dixit
1395 1476 1412 1503 ‚
1460 1429 1698 1489 licentia
1752 1430 2000 1511 poetica.
2056 1434 2209 1491 Nam
2261 1435 2416 1493 sieut
2469 1440 2652 1497 Pater

590 1530 973 1607 Conscriptus
1001 1548 1124 1589 non
1150 1526 1413 1615 dicitur.
1433 1528 1515 1586 ita
1539 1547 1649 1586 nec
1681 1528 1976 1600 Quiritem
2003 1529 2200 1589 dicere
2225 1552 2570 1611 possumus.

668 1641 744 1695 V.
780 1638 876 1696 88.
908 1637 1217 1707 Vindicta]
1251 1636 1430 1714 Virga
1457 1647 1546 1693 est
1563 1678 1580 1705 ,
1601 1634 1728 1714 qua
1755 1637 2212 1697 manumittendi
2239 1660 2274 1698 a
2299 1620 2558 1701 Pssaetore
2580 1643 2648 1700 in

594 1734 786 1813 capite
827 1732 1137 1813 pulsantur
1170 1754 1185 1789 τ
1230 1731 1364 1791 ideo
1415 1732 1573 1791 dicta
1607 1777 1624 1804 ‚
1666 1732 1834 1812 quod
1879 1754 2019 1791 eum
2057 1734 2317 1794 vindicat
2359 1738 2649 1797 libertati.

594 1834 891 1889 Masurius
925 1843 1123 1887 autem
1152 1828 1248 1887 hic
1278 1817 1529 1887 Sabinus
1561 1828 1709 1907 legis
1735 1830 2042 1889 consultus
2079 1832 2227 1891 fuit:
2259 1846 2317 1892 et
2341 1818 2652 1907 rubi-iem,

594 1907 767 1987 voeat
794 1928 1044 1986 minium
1062 1971 1079 2000 ,
1110 1947 1234 2009 quo
1266 1926 1426 1985 tituli
1457 1926 1660 2006 legum
1689 1928 2137 1987 annotabantur.

673 2039 747 2094 V.
786 2055 916 2093 100.
959 2036 1125 2092 Certo
1152 2052 1513 2110 compescere
1529 2040 1798 2111 puncta]
1827 2036 1963 2093 Non
1986 2036 2062 2093 ad
2093 2036 2376 2096 trutinam
2394 2080 2412 2109 ,
2437 2038 2548 2098 sed
2572 2040 2653 2099 ad

595 2145 869 2192 stateram
897 2130 1132 2203 retulit,
1158 2150 1291 2211 quae
1316 2130 1552 2209 punctis
1570 2176 1587 2203 ,
1615 2144 1674 2189 et
1700 2132 1890 2191 unciis
1916 2133 2192 2211 signatur.
2526 2139 2545 2153 “

677 2243 750 2298 V.
796 2246 927 2307 104.
963 2242 1235 2295 Frontem
1277 2240 1353 2293 de
1393 2239 1600 2309 rebus.]
1639 2237 1954 2297 Pudorem.
1983 2238 2303 2318 Templum
2328 2242 2490 2301 enim
2519 2266 2650 2325 pu·-

596 2336 759 2397 doris
786 2349 876 2394 est
904 2335 1085 2394 frons-

678 2445 753 2501 V.
786 2463 919 2500 112.
952 2443 1382 2499 Mercurialem.
1386 2441 1412 2520 ]
1439 2441 1585 2500 Ideo
1625 2440 1813 2513 dixit,
1844 2442 1985 2521 quia
2020 2442 2219 2520 ipsum
2251 2448 2453 2504 Deum
2489 2431 2662 2506 lucri*

600 2539 827 2600 dicunt.
864 2539 1037 2598 Unde
1082 2552 1143 2598 et
1178 2558 1319 2598 eum
1364 2537 1627 2598 sacello*
1659 2540 1924 2656 pingitur
1937 2583 1956 2612 ‚
1995 2552 2057 2599 et
2096 2561 2132 2600 a
2171 2543 2649 2622 negotiatoribus

600 2637 929 2717 plurimum
956 2633 1193 2695 colitur.

680 2746 753 2804 V.
802 2765 825 2802 1
842 2765 934 2821 19.
976 2745 1237 2820 Digitum
1276 2749 1494 2814 exera]
1528 2740 1729 2821 Digito
1769 2741 2004 2802 sublato
2030 2743 2303 2816 ostende,
2329 2746 2564 2806 vietum
2591 2761 2649 2806 te

601 2864 727 2903 esse
770 2864 804 2901 a
834 2842 1007 2901 vitiis.
1052 2845 1331 2900 Tractum
1372 2860 1410 2896 a
1454 2839 1875 2918 gladiatoribus
1893 2884 1911 2913 ‚
1947 2841 2053 2920 qui
2095 2842 2236 2900 victi
2252 2885 2270 2914 ‚
2307 2847 2646 2906 ostensione

600 2942 771 3022 digiti
792 2940 1022 3002 veniam
1044 2959 1082 2997 a
1104 2938 1335 3018 populo
1362 2938 1760 3016 postulabant.

683 3053 757 3107 V.
813 3050 942 3106 123.
992 3049 1267 3104 Moveare
1314 3046 1622 3121 Bathylli]
1675 3044 1980 3124 Bathyllus
2033 3048 2433 3125 pantomimus
2481 3050 2645 3122 fuis,

512 3127 523 3136 ”
603 3145 939 3204 Maecenatis
964 3142 1230 3200 libertus.

688 3253 760 3307 V.
813 3249 941 3322 137.
990 3251 1161 3306 Verte
1191 3247 1466 3324 ah'quid.]
1507 3247 1850 3327 Negotiare‚
1897 3259 1958 3308 et
2000 3248 2257 3328 speciem
2293 3271 2408 3329 pro
2448 3253 2648 3330 specie

606 3357 927 3404 commuta.

688 3456 762 3509 V.
811 3451 939 3508 138.
981 3454 1141 3507 Baro
1156 3493 1175 3521 ,
1212 3455 1604 3526 regustatum]
1635 3449 1862 3528 Lingua
1897 3449 2208 3510 Gallorum
2239 3453 2526 3524 baroneS‚
2555 3451 2644 3512 vel

608 3568 852 3608 varones
890 3547 1173 3604 dicuntur
1207 3548 1357 3604 servi
1393 3548 1653 3606 militum
1674 3590 1692 3619 ‚
1723 3548 1829 3626 qui
1867 3549 2078 3627 utique
2113 3550 2447 3612 stultissimi
2471 3564 2643 3620 sunt,

608 3647 760 3706 servi
783 3644 1057 3703 videlicet
1084 3643 1422 3701 stultorum.

690 3747 762 3801 V.
785 3765 808 3800 1
821 3751 913 3812 40.
930 3746 1007 3802 Et
1014 3741 1394 3816 omophorum
1405 3747 1626 3818 aptas.]
1643 3721 2070 3820 oenophorum
2082 3763 2184 3804 vas
2194 3744 2402 3805 vinum
2421 3745 2640 3816 ferens,

610 3837 731 3920 οἶνος
762 3839 920 3899 enim
945 3839 1151 3898 vinum
1177 3851 1262 3896 est
1279 3882 1296 3910 ,
1327 3838 1403 3895 de
1431 3858 1554 3916 quo
1581 3851 1668 3896 est
1693 3839 1880 3896 illud:

963 3948 1190 3998 Vertitur
1210 3947 1506 4014 oenophoris
1526 3949 1718 3999 fundus
1733 3984 1748 4011 ‚
1769 3949 2014 4000 sententia
2037 3951 2200 4000 nobis.
