2775 4619
501 519 585 583 38

1013 519 1091 581 A.
1149 512 1535 589 PERSII
1599 515 1987 581 FLACCI

581 643 712 721 Te,
748 640 963 730 Lupe,
992 656 1056 705 te
1077 690 1096 722 ‚
1127 639 1333 718 Muti,
1361 655 1425 704 et
1450 640 1817 728 genuinum
1844 640 2039 730 fregit
2064 643 2133 704 in
2162 641 2328 707 illis:

2429 647 2530 705 115

577 757 796 820 'Omne
823 756 998 819 vafer
1024 756 1254 818 vitium
1300 753 1541 818 ridenti
1579 755 1845 820 Flaccus
1876 756 2088 821 amico

581 872 854 960 Tangit,
883 886 946 935 et
975 869 1294 935 admissus
1319 871 1566 934 circum
1594 871 1952 959 praecordia
1969 919 1989 952 ,
2015 871 2187 936 ludit
2208 921 2227 953 ‚

583 985 867 1049 Callidus
905 1007 1174 1048 excusso
1212 986 1531 1074 populum
1567 984 1964 1072 Suspendere
1996 1008 2155 1056 naso
2184 1008 2199 1048 ε

503 1137 508 1142 ·
582 1095 760 1164 Men'
779 1100 1018 1164 mutire
1041 1098 1218 1162 nefas
1235 1147 1254 1180 ,
1276 1095 1398 1163 nec
1421 1085 1585 1190 elam
1605 1148 1623 1182 ,
1644 1122 1765 1163 nec
1782 1123 1934 1163 cum
1960 1100 2191 1164 scrobe
2211 1099 2243 1171 Ξ)

1157 1263 1846 1307 ADVERSARIUS.

495 1526 786 1576 ——Discedo.
802 1523 951 1576 Abeo
966 1523 1136 1596 igitur
1154 1543 1167 1574 x
1189 1543 1317 1576 nam
1331 1523 1469 1576 mihi

492 1619 796 1676 temperare
807 1606 896 1658 vix
909 1623 1122 1676 possem
1135 1643 1149 1669 ,
1168 1605 1300 1675 quin
1314 1605 1372 1657 in
1385 1604 1471 1656 his

492 1686 761 1738 satiricam
781 1684 946 1736 bilem
970 1683 1251 1736 effundam
1271 1703 1284 1734 τ
1308 1704 1435 1737 nam
1451 1723 1468 1750 ,

493 1780 559 1818 ut
587 1769 697 1839 jam
735 1766 883 1831 dixi,
907 1787 1012 1816 sum
1035 1757 1285 1832 petulanti
1307 1771 1474 1832 splene

491 1849 751 1898 cachinno.
763 1877 836 1887 --—
851 1849 1013 1896 Secuit
1032 1846 1244 1896 Lucilius
1271 1851 1465 1909 Urbem.

492 1927 672 1978 Posita
690 1925 863 1978 ironia
880 1963 896 1991 ,
925 1925 990 1978 ad
1019 1925 1171 1996 prius
1195 1944 1358 1981 suum
1386 1946 1472 1978 re-

491 2007 728 2058 vertitur
748 2007 1034 2059 consilium
1047 2045 1063 2070 ‚
1089 2005 1342 2076 exemplo
1363 2005 1477 2060 Lu-.

491 2087 603 2138 eilii
639 2099 693 2138 et
731 2087 945 2138 Horatii
987 2104 1132 2138 usus.
1155 2115 1224 2126 --
1237 2089 1469 2140 Lucilius.

490 2167 575 2219 De
604 2185 668 2219 eo
693 2165 804 2220 vid.
831 2169 1032 2218 Juven.
1065 2179 1158 2219 sat.
1185 2167 1214 2216 I
1233 2205 1249 2231 ‚
1274 2188 1323 2236 v.
1357 2169 1473 2221 165.

490 2277 562 2288 --
577 2252 750 2298 Secuit.
767 2287 778 2298 .
793 2285 805 2298 .
826 2286 838 2298 .
862 2251 1056 2299 Urbem.
1083 2247 1274 2300 Horat.
1295 2249 1387 2300 lib.
1408 2248 1436 2300 Ῑ
1453 2287 1469 2315 ,

490 2342 588 2383 sat.
627 2350 688 2405 lq
706 2346 720 2379 t

493 2450 508 2464 .
535 2450 544 2459 .
571 2452 582 2462 .
609 2452 618 2462 .
641 2418 744 2462 Sale
759 2419 908 2464 mul-to
928 2418 1105 2463 Urbem
1121 2418 1355 2464 defricuit.
1377 2452 1393 2465 .
1418 2451 1429 2464 .
1454 2454 1467 2465 .

492 2509 548 2548 et
567 2496 664 2547 lib.
689 2496 746 2545 II
765 2533 782 2558 ‚
807 2509 904 2547 sat.
939 2514 1000 2547 1:

489 2584 720 2630 Primores
741 2584 910 2656 P⁰P<¹²¹i
931 2585 1130 2645 arripuit
1145 2589 1470 2651 populumque

614 2654 826 2699 tributim
841 2690 855 2710 ,

493 2736 546 2777 et
565 2724 597 2775 J
603 2744 768 2777 uven.
794 2726 917 2777 loeo
935 2724 1234 2797 praecitato.
1257 2729 1319 2781 P.
1337 2742 1393 2783 et
1407 2732 1466 2783 A.

563 2830 588 2864 1
603 2814 683 2864 15.
712 2817 799 2871 Te,
821 2817 982 2879 Lupe,
1003 2830 1076 2875 te,
1097 2818 1258 2885 Mutii]
1277 2818 1469 2870 Nomi-

488 2892 660 2943 natim
682 2893 844 2943 etiam
859 2912 1016 2946 ausus
1036 2908 1114 2947 est
1135 2916 1372 2969 carpere,
1390 2896 1468 2948 in-

490 2985 572 3024 ter
585 2972 713 3023 alios
729 2972 886 3035 viros,
898 2973 955 3023 P.
966 2976 1235 3029 Rutilium
1244 2978 1468 3049 Lupum

489 3051 775 3103 consulem
793 3089 810 3115 ‚
831 3053 916 3104 his
935 3054 1113 3107 verbis
1132 3072 1145 3103 ε

493 3172 504 3207 3
524 3171 536 3183 .
557 3172 569 3183 .
594 3173 604 3183 .
625 3140 864 3195 Tubulus,
889 3141 928 3186 si
947 3142 1145 3199 Lucius,
1165 3144 1379 3206 inquam,

489 3208 538 3253 Si
575 3208 734 3327 Lgpus
753 3246 766 3267 ,
805 3221 886 3257 aut
918 3215 1070 3263 Carbo
1087 3249 1102 3269 ‚
1139 3225 1220 3261 aut
1259 3218 1471 3277 Neptuni

663 3300 750 3329 ius.
771 3318 782 3327 .
807 3318 816 3329 .
841 3318 854 3331 .

488 3372 544 3412 et
567 3362 637 3413 T.
665 3362 904 3414 Mutium
926 3364 1216 3417 Albutium
1234 3405 1249 3432 ,
1269 3379 1463 3439 poten-

487 3454 598 3494 tem
615 3443 798 3497 virum
817 3482 835 3507 .,
863 3446 945 3497 his
971 3447 1245 3502 versibus:

402 3536 406 3541 “
487 3535 716 3581 Graecum
745 3542 822 3591 te,
854 3538 1066 3597 Albuti,
1091 3556 1242 3603 quam
1269 3543 1459 3590 Roma-

597 3663 600 3665 ,
626 3631 750 3662 num
773 3626 923 3681 atque
943 3619 1184 3668 Sabinum
1198 3655 1214 3680 ‚

484 3696 794 3759 Municipem
815 3699 994 3757 Ponti,
1015 3699 1164 3758 Titii,
1183 3700 1322 3749 Anni
1341 3718 1465 3750 een-

627 3779 886 3826 turionum
901 3814 916 3839 ,

484 3857 835 3907 I’raeclarorum
845 3848 1110 3911 hominuul
1120 3878 1176 3911 ae
1183 3864 1464 3927 primorum

622 3940 1011 4007 signiferumque

2074 1311 2083 1324 ι
2164 1331 2530 1422 Nusquam.

1548 1537 1771 1586 Maluisti
1810 1537 1911 1584 diei
1932 1553 1947 1584 z
1980 1540 2152 1586 (ἔπειτα
2192 1554 2310 1604 ergo
2342 1551 2533 1604 prator

1692 1617 1907 1664 Athenis

1549 1695 1609 1744 td
1626 1697 1765 1760 quod
1782 1697 1997 1744 maluisti
2016 1732 2030 1755 ‚
2050 1703 2099 1745 te
2111 1732 2126 1758 ,
2146 1697 2262 1748 cum
2276 1699 2338 1752 ad
2354 1717 2433 1748 me
2452 1717 2533 1748 ac-

1693 1776 1851 1834 cedi'‚
1872 1779 2053 1826 saluto.

1547 1855 1703 1926 ’Χαῖρε
1720 1894 1735 1920 ,
1759 1859 1965 1924 inquam
1982 1891 1997 1916 ,
2021 1859 2158 1908 Tite:
2178 1860 2403 1922 lictores,
2422 1873 2533 1910 tur-

1691 1953 1771 1984 ma
1790 1937 1948 1986 omni'
1961 1972 1975 1996 ,
1996 1939 2283 2003 cohorsque
2296 1975 2311 1998 ,

1547 2019 1703 2085 Χαῖρε
1724 2035 1736 2066 :
1758 2017 1879 2066 hine
1910 2019 2067 2067 hostis
2096 2022 2231 2069 Muti
2259 2021 2529 2073 Albutius,

1691 2097 1812 2145 hine
1830 2099 2090 2147 inimicus.

1552 2181 1668 2234 Cic.
1700 2181 1769 2234 de
1792 2181 2018 2235 Finibus
2036 2221 2052 2247 ‚
2077 2185 2172 2236 lib.
2194 2185 2243 2236 1.
2258 2215 2331 2224 -—
2350 2189 2417 2235 Ee
2435 2203 2531 2254 ge-

1552 2265 1755 2313 nuinum
1782 2264 1957 2331 fregit.
2004 2265 2213 2337 Supple
2261 2265 2484 2320 dentem
2512 2284 2527 2317 ε

1550 2360 1675 2393 nam
1696 2382 1711 2405 ‚
1742 2339 1876 2394 dens
1913 2344 2185 2414 genuinus
2222 2360 2333 2412 est,
2362 2348 2457 2419 qui
2496 2366 2531 2399 a

1548 2424 1700 2493 genis
1742 2422 2016 2495 dependet
2046 2446 2059 2476 z
2101 2426 2177 2477 sic
2203 2464 2220 2489 ‚
2258 2447 2373 2480 non
2420 2428 2534 2481 levi

1546 2522 1732 2554 morsu
1750 2502 1872 2554 illos
1891 2504 2275 2575 pupugit.—·-In
2296 2508 2401 2556 illis.
2419 2503 2535 2559 En*-

1546 2580 1711 2653 allage
1720 2600 2093 2654 personae‚pro
2104 2584 2159 2635 in
2172 2584 2457 2638 vobis.P.et
2466 2587 2533 2641 L·

1623 2682 1643 2715 1
1661 2667 1743 2715 16.
1777 2668 1931 2714 Omne
1964 2664 2117 2729 ‘vafer
2146 2667 2328 2715 vitium
2342 2703 2359 2725 ,
2392 2670 2526 2735 eta]

1546 2744 1875 2815 Exemplum
1906 2744 2139 2816 alterum
2166 2746 2233 2797 ab
2261 2744 2491 2799 Horatio
2511 2784 2529 2808 ,

1549 2826 1646 2897 qui
1679 2828 1859 2891 vafer,
1902 2825 2164 2891 callidus,
2196 2826 2361 2879 solers
2397 2828 2531 2881 vitia

1494 2952 1511 2966 ,
1546 2908 1843 2959 amicorum
1880 2908 2045 2959 etiam
2078 2909 2427 2978 perstriuxit3
2452 2910 2531 2963 ita

1545 3000 1607 3039 ut
1625 2988 1723 3041 vix
1740 3006 1797 3041 se
1814 2987 2146 3059 reprehendi
2166 2989 2485 3060 intelligant.

1625 3086 1647 3119 1
1662 3086 1745 3137 17.
1792 3072 1983 3119 Circum
2016 3072 2301 3133 pra-cordia
2339 3073 2481 3121 ludit.
2505 3072 2527 3137 J
2555 3111 2559 3122 .

1549 3134 1819 3220 Ῠπαλλσιγτῑ
1844 3188 1861 3213 ,
1904 3147 2153 3202 ludendo
2216 3147 2528 3204 admittitur

1549 3228 1759 3291 circum
1786 3228 2115 3297 praecordia.
2142 3228 2210 3281 C.

1624 3327 1645 3360 1
1660 3310 1739 3361 18.
1758 3313 1972 3359 Excusso
1984 3314 2222 3377 populum
2240 3313 2531 3377 suspendere

1542 3389 1705 3459 nasa]
1731 3389 1994 3442 Deridet-e
2009 3428 2026 3451 ‚
2048 3391 2396 3443 subsannare.
2416 3390 2531 3442 No·

1542 3480 1661 3519 tum
1693 3482 1773 3521 est
1810 3482 1975 3540 atque
2008 3472 2173 3523 etiam
2204 3490 2355 3531 nunc
2382 3470 2526 3523 illud

1540 3567 1719 3601 sannae
1758 3568 1962 3621 genus;
1990 3548 2119 3603 cum
2152 3552 2361 3622 aliquid
2392 3570 2527 3603 eon-

1544 3640 1845 3682 temnentes
1862 3669 1878 3694 ‚
1908 3644 2071 3703 caput
2102 3634 2376 3702 quatimus
2404 3650 2526 3684 sur-

1546 3727 1668 3761 sum
1703 3728 1891 3762 versus
1924 3730 1938 3761 ε
1982 3730 2146 3783 quem
2180 3725 2396 3783 gestum
2432 3731 2527 3764 ex·

1470 3798 1475 3811 “
1543 3789 1739 3859 pressit
1759 3790 1973 3845 Persius
2001 3811 2067 3843 ex
2089 3791 2273 3843 Horat.
2296 3792 2416 3861 ipso
2434 3811 2449 3841 t

1730 3870 1856 3917 Naso
1874 3870 2121 3933 suspendis
2134 3873 2338 3919 adunco.

1619 3968 1641 4001 1
1656 3966 1739 4017 19.
1768 3953 1903 4001 Men’
1919 3954 2095 4001 mutire
2116 3950 2287 4021 nefas]
2312 3948 2525 4004 Mihine

554 4114 618 4163 V.
648 4132 667 4162 1
683 4132 760 4179 19.
787 4118 933 4169 Men'.
955 4121 1174 4183 Quidam
1193 4124 1369 4191 legunt
1387 4144 1466 4177 me
1478 4144 1497 4175 .·
1516 4128 1643 4177 male
1660 4161 1675 4189 ,
1700 4140 1750 4178 et
1772 4130 1881 4180 sine
1900 4132 2213 4183 auctoritate.
