2775 4619
912 375 1535 444 PROLOGUS.
2196 385 2239 450 5·

273 503 596 590 Picasque
632 500 860 566 docuit
886 501 1085 566 verba
1115 517 1331 568 nostra
1363 502 1639 574 conari?

270 617 590 706 Magister
615 617 770 682 artis
787 663 806 698 ,
837 615 1184 706 ingenique
1209 617 1480 708 largitor
1718 689 1732 701 μ
2173 649 2238 684 ιο

195 844 318 880 vero
341 863 360 889 ,
389 837 458 878 ut
496 844 600 896 par
635 836 748 879 erat
767 861 785 890 ,
809 835 1033 878 necatus
1058 837 1138 878 est
1163 843 1178 875 ε

193 905 336 958 unde
371 905 622 957 Gallicus
657 909 822 976 poeta
855 903 1080 976 quidam
1110 903 1180 956 ad

193 986 293 1037 hoc
318 986 502 1038 facete
524 983 696 1036 dixit:

191 1073 379 1118 Princes
420 1081 473 1118 et
509 1071 710 1134 grands,
740 1069 828 1117 flea
848 1085 1000 1118 -vous
1035 1085 1130 1117 aux

309 1144 563 1204 louanges.

191 1211 270 1264 Ad
283 1213 413 1264 istas
424 1212 610 1264 forsan
626 1209 826 1264 alludit
835 1229 974 1266 aves.
984 1209 1042 1263 C.
1053 1221 1107 1262 et
1117 1210 1178 1261 A.

170 1351 188 1374 ,-
261 1319 316 1368 9.
341 1300 564 1370 Οοηανί.]
589 1299 708 1350 Hoc
727 1299 850 1350 loco
864 1337 880 1363 ,
901 1296 1052 1350 omni
1073 1315 1178 1368 ope

191 1393 351 1450 atque
365 1383 540 1450 opera
551 1377 672 1440 niti,
683 1390 748 1430 ut
761 1377 1064 1439 imitentur,
1079 1390 1178 1429 etc.

265 1479 348 1512 ιο.
398 1461 643 1528 Magister
679 1461 902 1510 artia...
941 1461 1180 1526 ventem]

203 1545 403 1600 Venter,
428 1539 541 1592 boc
569 1551 650 1592 est
666 1577 683 1604 ,
703 1537 870 1591 fames
895 1551 951 1590 et
977 1550 1180 1609 egestas

194 1620 478 1691 ingenium
496 1619 823 1690 largiuntur.
841 1617 996 1670 Inter
1009 1617 1178 1688 scrip·

196 1712 332 1752 tores
364 1713 492 1752 tum
529 1697 748 1750 Graecos
767 1735 784 1761 ,
813 1702 932 1754 tun
959 1696 1180 1750 Latinos

197 1787 383 1851 magna
397 1791 478 1830 est
496 1776 567 1830 de
580 1778 686 1829 hoc
699 1789 1020 1849 argumento
1033 1775 1182 1828 dissi-

199 1859 392 1912 dentia.
407 1857 519 1911 Alii
539 1877 738 1928 nempe
759 1857 898 1912 vires
914 1856 1180 1920 hebetari,

197 1951 244 1990 et
255 1941 322 1990 ad
332 1950 585 1992 *extrema
591 1939 650 1988 m'
658 1934 1084 1988 imbecillitatem
1097 1951 1176 1986 as-

199 2018 362 2071 siduis
399 2019 554 2070 curis
586 2015 762 2087 redigi
796 2014 1176 2079 contendunt,

199 2112 255 2151 ut
275 2099 436 2152 Plato
453 2135 472 2162 ,
494 2098 593 2168 qui
615 2097 792 2148 ullum
812 2095 1008 2148 animal
1025 2113 1178 2148 moes-

197 2193 312 2232 tum
337 2197 540 2234 canere
565 2189 758 2249 negat,
786 2173 925 2230 οὐδὲν
954 2179 1070 2238 ζῶον
1097 2185 1176 2230 λυ-

197 2261 440 2331 πούμενον
485 2253 620 2330 ᾄὸιι.
658 2259 690 2311 J
695 2275 864 2311 nvem
897 2269 994 2311 sat.
1033 2257 1143 2308 VII
1161 2295 1177 2322 ‚

201 2358 252 2392 v.
282 2341 350 2407 59
377 2350 434 2390 et
464 2355 620 2407 seqq.
693 2362 698 2365 ·

201 2463 213 2475 .
250 2463 262 2475 .
297 2462 310 2476 .
348 2464 361 2475 .
397 2430 572 2491 Neque
587 2428 711 2475 enim
728 2438 916 2476 cantare
935 2430 1024 2475 sub
1041 2437 1177 2476 antro

200 2501 354 2547 Pierio
368 2534 384 2557 ,
405 2510 500 2547 etc.

202 2586 255 2625 et
275 2591 441 2644 supra
462 2609 478 2634 ‚
506 2574 764 2623 anxietate
793 2592 965 2625 carens
987 2576 1179 2623 animus

199 2670 310 2704 non
353 2654 487 2705 facit
525 2658 777 2723 poetam3
805 2666 864 2706 et
899 2656 968 2705 D.
1003 2652 1176 2727 Chry-

200 2746 472 2787 sostomus
515 2733 584 2786 de
615 2734 946 2787 sacerdotio:
977 2732 1076 2793 ἤδη
1115 2732 1175 2789 δὲ

199 2813 280 2866 καὶ
309 2808 564 2884 φροντίδες
595 2818 807 2881 συνιχεῖς
834 2810 1088 2885 ἥμΰλυψοιύ
1117 2818 1176 2868 τὸ

197 2896 284 2953 τῆς
314 2890 541 2953 &aviciae
567 2894 646 2957 ὀξὺ
668 2930 682 2951 ,
712 2898 796 2948 καὶ
823 2891 1058 2965 μολίὸδόυ
1088 2897 1180 2960 βοι-

197 2975 388 3043 ρὸτερον
432 2975 516 3026 τὸν
557 2974 738 3031 πτηνὸν
789 2975 1173 3045 ἀπειργάσαντο.

197 3050 305 3101 Alii
349 3063 546 3103 contra
575 3087 592 3115 ,
635 3062 1016 3121 paupertatem
1061 3070 1174 3103 non

199 3130 368 3184 modo
395 3131 703 3203 magistram
731 3130 934 3185 artium
953 3132 1180 3197 volunt3

198 3209 294 3261 sed
321 3210 486 3263 etiam
507 3248 526 3274 ‚
551 3216 635 3263 u*
647 3208 972 3264 Theocritus
997 3209 1181 3273 addit,

201 3291 371 3345 solam
389 3311 403 3343 ε
424 3284 470 3343 A
485 3292 661 3356 πενία,
675 3293 930 3363 Διόφαντε,
948 3292 1074 3361 μόνα.
1090 3292 1182 3352 τὰς

198 3372 376 3439 τέχνας
401 3372 591 3441 ἐγείρει.
615 3371 660 3421 Ε
679 3388 835 3423 scena
855 3384 934 3423 est
953 3372 1044 3422 ille
1064 3388 1182 3424 ver-

196 3468 288 3503 sus
314 3451 596 3502 sententiae
631 3449 907 3519 ejusdem:
932 3452 1084 3521 λιμὸς
1115 3445 1177 3501 δὲ

193 3536 384 3583 πολλῶν
404 3530 625 3601 γίγνεται
646 3525 953 3590 διδάσκαλος
975 3550 988 3580 :
1015 3541 1068 3580 et
1091 3528 1178 3581 alii

195 3608 458 3679 permulti
479 3609 558 3660 sic
580 3621 918 3660 censuerunt
935 3646 952 3674 ‚
977 3608 1180 3679 quibus

199 3700 256 3740 et
273 3688 455 3741 Latini
473 3690 830 3741 consentiunt
846 3726 862 3753 ,
879 3702 941 3741 ut
956 3690 1180 3741 Plautus

203 3767 388 3820 Sticho
409 3788 422 3819 ε

203 3880 215 3890 .
252 3879 265 3892 .
303 3880 316 3892 .
344 3849 598 3908 Paupertas
624 3846 736 3893 fecit
752 3848 978 3895 ridiculus
995 3848 1180 3904 forem;

206 3918 324 3963 Nam
354 3918 431 3965 illa
457 3934 624 3965 omnes
653 3929 780 3975 artes
813 3920 1074 3982 perdocet,
1095 3920 1182 3969 ubi

323 4006 558 4053 quemque
583 3990 754 4052 attigit.

1263 824 1336 881 Et
1362 823 1651 890 Horatius,
1680 823 1803 880 loeo
1836 827 2149 898 praestato,
2178 841 2237 883 en

1261 905 1477 957 Persius
1492 944 1509 972 ,
1532 906 1641 958 hoo
1655 925 1816 961 versu
1836 945 1853 972 ,
1876 921 1929 961 et
1950 909 2237 976 Manilius,

1257 985 1356 1036 lib.
1386 987 1448 1037 1:
1788 979 1799 1002 ⁸

1256 1065 1316 1110 Et
1327 1065 1461 1112 labor
1473 1066 1713 1138 ingenium
1730 1067 1909 1114 miseris
1923 1067 2077 1115 dedit:
2094 1079 2141 1116 et
2154 1086 2237 1117 sua

1379 1152 1617 1198 quemque

1255 1207 1527 1270 Advigilare
1581 1207 1672 1254 sibi
1712 1209 1851 1270 jussit
1892 1209 2085 1258 fortuna
2122 1227 2237 1274 pre-

1379 1279 1570 1326 mendo.

1258 1349 1356 1402 His
1408 1351 1587 1405 verbis
1624 1389 1641 1415 ,
1700 1351 1777 1404 ait
1825 1351 2179 1408 Casaubonus
2210 1394 2235 1422 ,

1257 1431 1513 1484 Manilius
1540 1432 1894 1503 quaestionem
1918 1434 2099 1487 solvit.
2123 1435 2234 1488 Ne·

1259 1531 1366 1583 que
1387 1513 1533 1564 enim
1557 1531 1687 1584 opes
1704 1550 1721 1578 ,
1746 1532 1923 1585 neque
1942 1527 2235 1586 paupertas

1257 1605 1354 1646 aut
1390 1593 1654 1645 minuunt
1689 1592 1969 1664 ingenium
2008 1613 2109 1666 per
2144 1611 2236 1658 se,

1255 1685 1352 1726 aut
1373 1686 1580 1727 acuunt
1593 1711 1609 1739 ,
1629 1691 1819 1726 verum
1840 1673 1965 1727 ideo
1984 1675 2101 1726 laus
2120 1675 2239 1728 haee

1256 1754 1566 1826 paupertati
1608 1753 1875 1807 tribuitur
1898 1793 1917 1820 ,
1957 1768 2018 1808 ut
2064 1768 2237 1809 mater

1259 1834 1463 1887 artium
1496 1832 1785 1899 credatur,
1816 1835 1942 1906 quia
1965 1838 2267 1902 premendo,

1249 1916 1399 1982 jubet
1410 1917 1678 1982 advigilare
1692 1914 1807 1972 sibi,
1826 1913 1967 1965 serio
1988 1914 2233 1966 animum

1257 1994 1401 2064 cogit
1414 2005 1560 2046 atten
1568 1992 1891 2064 dere,atque
1904 1991 1971 2044 ad
1982 2011 2037 2044 se
2050 1993 2235 2063 ipsum

1257 2072 1553 2126 convertit.
1576 2071 1673 2124 His
1692 2070 1863 2136 add03
1884 2071 2207 2126 calamitates
2221 2112 2239 2137 ,

1253 2152 1623 2206 infortunium
1637 2189 1655 2213 ,
1672 2151 1913 2206 laborem
1931 2165 1984 2206 et
1998 2169 2236 2224 pauper-

1255 2245 1421 2288 tatem
1445 2270 1462 2297 ,
1492 2247 1557 2286 ut
1596 2232 1832 2285 honores
1852 2269 1869 2297 ,
1908 2231 2198 2304 dignitates
2214 2270 2233 2296 ,

1256 2314 1559 2385 voluptates
1581 2326 1635 2366 et
1660 2311 1871 2373 divitias
1896 2314 2008 2367 vim
2035 2315 2091 2365 in
2120 2314 2232 2367 ani-

1257 2411 1376 2447 mos
1402 2394 1625 2445 omnino
1654 2391 1919 2446 diversam
1952 2410 2227 2446 exercere.

1257 2474 1371 2530 Iste
1414 2473 1547 2525 olim
1594 2471 1744 2525 dives
1764 2512 1780 2539 ,
1821 2472 1999 2525 animo
2046 2490 2232 2525 carens

1257 2554 1342 2621 (ut
1353 2552 1639 2623 saepissime
1655 2550 1769 2620 fit),
1789 2566 2235 2625 repentepauper

1256 2630 2235 2700 factusadimbecillitatem‘delabitur3

1255 2712 1467 2785 quippe
1502 2730 1667 2783 quem
1702 2712 1973 2765 bonorum
2008 2730 2232 2765 suorum

1255 2804 1421 2863 atque
1430 2811 1599 2863 opum
1607 2788 1907 2844 recordatio
1920 2791 1977 2843 in
1990 2788 2235 2862 despera-

1255 2872 1460 2924 tionem
1480 2870 1725 2934 adducit;
1746 2870 1844 2923 hie
1853 2883 2035 2923 autem
2052 2870 2233 2923 animo

1257 2951 1386 3003 forti
1404 2948 1660 3021 praeditus
1674 2986 1691 3013 ,
1712 2947 1991 3017 laboribus
2010 2946 2233 3001 indura·

1253 3042 1342 3083 tus
1359 3064 1376 3093 ,
1398 3028 1714 3081 deliciarum
1746 3040 1801 3079 et
1823 3026 2057 3082 bixuriae
2082 3028 2233 3101 igna-

1259 3128 1379 3175 rus,
1401 3107 1493 3161 sed
1515 3127 1679 3179 quem
1698 3109 1899 3179 premit
1922 3120 2151 3181 egestas,
2172 3121 2236 3161 ut

1259 3201 1457 3255 sortem
1486 3200 1690 3252 mutet,
1721 3188 1825 3240 sihi
1850 3187 2139 3263 advigilat,
2168 3188 2236 3241 ad

1259 3270 1627 3321 necessitatem
1654 3287 1841 3321 omnes
1869 3268 2072 3339 ingenii
2092 3269 2235 3322 vires

1263 3349 1530 3401 convertit
1560 3387 1577 3413 ,
1616 3362 1669 3401 et
1712 3367 1849 3420 saepe
1889 3349 2081 3419 saepius
2120 3368 2232 3401 non

1258 3428 1421 3481 modo
1442 3428 1560 3481 fatis
1580 3429 1781 3481 fruitur
1798 3427 2234 3499 benignioribus,

1259 3508 1350 3561 sed
1385 3520 1439 3561 et
1471 3508 1611 3561 ultra
1645 3520 1809 3573 metas
1849 3504 2039 3577 rapido
2072 3525 2235 3564 cursu

1249 3589 1563 3641 transvolat.
1579 3588 1669 3639 En.
1680 3586 1855 3639 nodus
1872 3587 2095 3642 solvitur
2108 3625 2124 3649 ‚
2144 3606 2235 3653 ap·-

1257 3686 1451 3737 parens
1476 3668 1619 3721 inter
1650 3668 1934 3738 scriptores
1963 3666 2235 3736 oppositio

1197 3770 1203 3775 ¹
1261 3741 1504 3795 diluitur.
1536 3744 1587 3793 T
1588 3762 1871 3815 emporum
1893 3780 1909 3806 ,
1948 3742 2195 3793 locorum
2216 3781 2233 3807 ‚

1260 3823 1565 3889 animorum
1604 3822 1880 3875 div‘ersitas
1915 3821 2015 3873 hos
2043 3820 2235 3873 iisdem

1260 3902 1514 3974 provehit
1534 3902 1736 3953 artibus
1754 3940 1771 3967 ‚
1794 3901 1995 3973 quibus
2020 3902 2149 3955 alios
2177 3904 2237 3955 in

1259 3981 1598 4054 profundum
1624 3982 1911 4053 immergit.
1947 3986 2013 4035 A.
