2775 4619
535 342 666 437 ss,

1043 328 2010 407 A.PERSIIFLACCI

621 466 948 531 Faucibus
979 482 1325 555 exsuperat
1351 466 1564 555 gravis
1588 466 1859 531 halitus:
1893 466 2174 555 inspice,
2198 467 2419 549 sodes,

595 598 601 605 ’
621 583 754 664 Qui
779 582 941 645 dicit
965 574 1222 645 inedico
1237 630 1256 663 ,
1273 582 1491 668 jussus
1516 582 1923 669 requiescere
1946 631 1965 663 ,
1992 598 2344 671 postquam
2518 610 2581 661 90

619 698 844 761 Tertia
870 690 1257 785 compositas
1283 696 1450 759 vidit
1476 720 1607 760 nox
1634 719 1899 761 currere
1926 719 2121 761 venas
2142 745 2162 778 ‚

617 814 718 879 De
743 814 986 899 majore
1013 812 1213 877 domo
1239 812 1499 877 modice
1526 812 1788 878 sitiente
1816 813 2043 901 lagena
2062 862 2081 895 ,

617 930 821 995 Lenia
851 930 1070 993 loturo
1106 929 1234 992 sibi
1268 930 1655 993 Surrentina
1692 929 1965 1019 rogavit.

621 1046 834 1125 Heus,
861 1045 1033 1108 bone
1047 1092 1068 1125 ‚
1094 1042 1166 1107 tu
1183 1044 1420 1133 palles!
1444 1044 1635 1107 Nihil
1658 1060 1773 1108 est.
1796 1042 2032 1110 Videas
2052 1058 2271 1109 tamen
2296 1044 2471 1109 istud

531 1255 844 1329 Respondet
870 1256 1063 1310 doctor
1091 1254 1292 1307 stoicus
1321 1254 1513 1308 centu-

529 1339 676 1392 rioni
696 1353 751 1391 et
769 1339 993 1391 hircosae
1018 1336 1200 1407 genti,
1221 1335 1514 1388 ostendens

533 1440 563 1471 a
590 1418 945 1471 similitudine
972 1419 1249 1469 hominem
1273 1418 1514 1487 philoso-

529 1500 676 1571 phiae
723 1512 1115 1571 repugnantem
1157 1516 1268 1549 esse
1311 1512 1513 1567 aegroto

529 1579 762 1632 similem
816 1576 1014 1629 medici
1071 1576 1306 1628 consiliis
1357 1578 1515 1629 resis-

531 1662 671 1713 tenti
691 1680 706 1726 ;
730 1658 823 1711 sed
853 1657 980 1711 vide
1013 1676 1134 1728 quae
1167 1658 1510 1725 notavimus,

530 1758 583 1791 v.
607 1756 696 1807 77.
713 1738 969 1786 -Nesct'o
1005 1736 1130 1801 quid
1157 1738 1381 1801 trepidat·
1396 1756 1514 1801 pee-

531 1833 621 1868 tus.
662 1815 856 1867 Cordis
896 1814 1180 1885 palpitatio
1222 1828 1277 1867 et
1313 1815 1514 1867 halitus

530 1899 724 1970 gravis,
736 1910 1094 1969 symptomata
1113 1909 1239 1947 sunt
1257 1896 1515 1967 gravioris

529 1979 730 2031 morbi.
752 1982 906 2028 -Et
937 1980 1078 2046 crgris
1099 1978 1350 2045 faucibus.
1386 1978 1511 2029 Nou

529 2062 685 2113 aliter
705 2064 853 2131 aegrae
887 2060 1061 2110 fauces
1079 2097 1095 2122 ‚
1125 2066 1285 2129 qu'am
1311 2058 1382 2109 ob
1406 2076 1513 2110 res-

528 2140 748 2213 pirandi
790 2139 1169 2192 difficultatem
1190 2176 1207 2202 ,
1238 2136 1513 2210 quidquid

530 2222 787 2273 nonnulli
815 2221 1062 2273 sentiant.
1088 2222 1150 2273 C.
1173 2233 1228 2271 et
1247 2220 1307 2271 P.

605 2323 696 2370 90.
725 2304 822 2368 Qui
849 2304 970 2352 dicit
998 2304 1220 2370 medica]
1251 2302 1513 2372 Aegrotas

528 2384 750 2455 scilicet,
753 2401 846 2453 qui
835 2381 1138 2434 medicum
1153 2384 1517 2444 accersiverat,

531 2453 704 2535 eique
731 2460 972 2514 dixerat.
960 2462 1229 2533 ·inspice:
1253 2482 1354 2514 cur
1375 2463 1513 2515 male

529 2544 706 2598 habeo
746 2543 770 2594 Ρ
816 2543 1012 2615 accipit
1063 2543 1377 2596 mandatum
1432 2565 1514 2598 re-

532 2623 886 2696 quiescendi,
929 2637 982 2676 et
1029 2643 1058 2676 a
1105 2625 1226 2676 cibo
1275 2638 1327 2677 et
1372 2640 1513 2696 potu

530 2693 924 2772 temperandi.
899 2729 979 2740 υ-
1001 2707 1160 2752 Jussus
1199 2705 1514 2768 requiescere.

530 2782 721 2834 Senec.
738 2780 808 2834 de
823 2783 940 2847 Ira,
961 2783 1053 2834 lib.
1074 2783 1198 2834 111:
1219 2786 1367 2832 Initia
1385 2803 1516 2835 mor-

530 2862 704 2914 borum
726 2864 860 2928 qut'es
884 2877 1040 2913 curat.
1061 2862 1122 2914 P.

603 2961 667 3010 91
681 2983 693 2994 .
729 2947 1022 3010 Compositas
1045 2946 1181 2994 vidit
1202 2964 1304 2994 nox
1322 2939 1520 2996 currere

527 3023 724 3092 menan]
775 3024 1004 3096 Metony
1007 3042 1082 3074 m.
1135 3022 1191 3074 id
1235 3037 1344 3088 est,
1390 3044 1517 3077 cum

526 3105 655 3173 jam,
670 3103 829 3154 tertia
844 3115 1022 3176 nocte,
1035 3102 1173 3156 vidit
1189 3123 1348 3158 venas
1366 3118 1420 3159 et
1436 3125 1516 3157 ar·

529 3182 692 3232 terias
713 3171 926 3250 pulsare
949 3183 1304 3252 aequabiliter.
1308 3188 1520 3235 -Com-

520 3263 724 3328 positas
749 3262 902 3314 Κατὰ
923 3263 1012 3318 τὴν
1029 3264 1165 3333 φύσιν
1183 3267 1420 3332 ἐχούσας.
1408 3266 1517 3318 ·ita

530 3359 674 3411 saepe
705 3343 1067 3412 compositum
1109 3342 1339 3408 dicitur,
1363 3345 1517 3416 quod

531 3422 924 3473 convenienter
942 3435 1151 3475 naturae
1175 3443 1230 3476 se
1249 3426 1433 3476 habet.
1447 3457 1519 3466 --

532 3504 752 3552 Currere.
770 3502 983 3574 Vulgus
997 3504 1160 3556 etiam
1175 3503 1519 3557 medicorum

1594 1274 1757 1309 venas
1787 1253 2041 1309 dicebant
2073 1275 2302 1317 currere,
2322 1275 2429 1327 pro
2462 1256 2577 1328 pul·

1555 1398 1561 1403 ⁸
1594 1354 1729 1388 sare.
1766 1334 1808 1386 C
1826 1370 1836 1383 .

1614 1436 1621 1443 ·
1666 1434 1755 1483 92.
1779 1420 1854 1464 De
1874 1418 2061 1484 majore
2080 1418 2262 1484 doma]
2282 1415 2578 1469 Contravfl-

1594 1494 1899 1547 letudinem
1932 1494 2014 1545 his
2047 1507 2255 1565 peccat.
2298 1495 2580 1548 Primffvi·

1592 1593 1725 1625 num
1748 1574 1884 1625 bibit
1902 1586 2026 1625 ante
2046 1575 2375 1629 lavationem
2389 1614 2405 1641 ,
2432 1573 2577 1647 quod

1592 1655 1649 1706 in
1680 1655 1987 1707 salubribus
2022 1656 2313 1726 praeceptis
2350 1657 2579 1708 vetitum

1594 1747 1707 1786 erat
1729 1753 1746 1799 ;
1778 1732 1979 1793 deinde
1998 1772 2014 1798 ,
2038 1735 2247 1786 balneis
2290 1735 2487 1787 utitur.
2516 1736 2578 1786 Iu

1594 1826 1837 1884 utroque
1859 1832 1983 1864 casu
1998 1850 2014 1877 ‚
2036 1832 2307 1885 aegrorum
2322 1814 2581 1885 intempe-

1592 1891 1821 1944 rantiam
1869 1894 2068 1964 passim
2126 1892 2329 1946 medici
2374 1908 2579 1947 veteres

1592 1986 1861 2026 accusant.
1874 1980 2029 2025 -De
2048 1977 2237 2043 majore
2256 1978 2420 2025 domo.
2442 1975 2579 2027 Petit

1594 2056 1661 2107 ab
1676 2056 1857 2125 aliquo
1874 2054 2045 2108 divite
2062 2056 2369 2117 ami00‚sihi
2385 2058 2578 2117 loturo,

1590 2138 1715 2189 vina
1747 2135 2068 2188 Surrentina
2086 2175 2103 2201 ‚
2124 2138 2184 2189 in
2214 2136 2483 2190 mediocri
2509 2138 2578 2188 la·

1592 2235 1726 2287 gena
1742 2256 1757 2279 ‚
1779 2216 1837 2269 id
1864 2230 1960 2281 est,
1982 2218 2099 2269 vini
2118 2216 2433 2289 Surrentini
2454 2238 2579 2291 pau-

1593 2297 1806 2348 xillum.
1829 2329 1897 2338 ——
1920 2302 2111 2350 Modiee
2154 2302 2346 2350 sitiente
2390 2298 2577 2370 [agend.

1595 2379 1947 2450 Metaphora‚
1982 2400 2084 2452 pro
2118 2401 2249 2434 *vase
2294 2382 2579 2435 mediocris

1594 2462 1915 2530 capacitatis.
1931 2462 2076 2513 Vina
2106 2463 2253 2514 enim
2288 2463 2581 2533 exquisitis-

1594 2541 1725 2592 sima
1747 2540 1960 2594 modice
1980 2543 2371 2614 largiebantur.
2394 2543 2579 2597 GetP.

1666 2621 1754 2690 93.
1792 2625 1961 2674 Lenia.
1979 2661 1989 2674 .
2008 2661 2020 2672 .
2038 2662 2050 2673 .
2080 2624 2407 2694 Surrentina]
2444 2625 2581 2676 Vina

1595 2713 1777 2754 vetera
1820 2714 1872 2752 et
1911 2714 2165 2768 matura,
2205 2704 2580 2756 convalescen-

1598 2781 1747 2833 tibus
1778 2782 2023 2854 optima‚
2054 2784 2267 2855 quippe
2307 2791 2433 2854 qu'ae
2464 2795 2581 2855 post

1598 2880 1806 2914 annum
1843 2863 2162 2917 vicesimum
2202 2865 2469 2936 quintum
2503 2865 2579 2917 biss

1598 2942 1883 2994 hex-entur.
1907 2943 2049 2995 Plin.
2082 2958 2137 2996 et
2165 2943 2365 2996 medici
2392 2944 2580 2997 Graeci.

1597 3025 1975 3073 ——Surrentina
1991 3023 2303 3076 Surrentini
2326 3023 2491 3076 colles
2512 3043 2579 3076 sa·

1598 3103 1773 3156 lubris
1812 3103 1927 3156 vini
1974 3106 2209 3170 feraces,
2240 3122 2418 3176 prope
2454 3105 2577 3157 Sur-

1599 3197 1849 3258 rentum,
1876 3186 2183 3256 Campaniae
2211 3185 2409 3239 urbem
2431 3185 2579 3238 mari-

1598 3264 1803 3316 timam.
1835 3266 1898 3316 P.

1670 3353 1755 3414 94.
1770 3350 1917 3407 Heus,
1936 3349 2075 3407 bone,
2093 3361 2145 3397 cu
2155 3351 2319 3414 palles
2337 3352 2382 3416 !]
2398 3348 2581 3420 Inquit

1598 3425 1862 3477 medicus.
1889 3457 1959 3465 —-
1986 3428 2129 3476 Nihil
2159 3443 2239 3478 est.
2270 3427 2582 3498 Respondet

1600 3520 1860 3578 aegrotus.-
1906 3508 2069 3560 Hunc
2112 3509 2303 3565 locum
2351 3510 2429 3561 sic
2476 3527 2580 3560 non

598 3702 664 3746 V.
693 3701 774 3761 89.
800 3701 1091 3764 Εἴδαμεν-αι.
1123 3704 1196 3748 Ita
1217 3711 1316 3749 vet.
1349 3701 1511 3750 schol.
1551 3703 1703 3752 codd.
1736 3705 1975 3752 Mazarin.
2004 3703 2245 3753 Fauchet.
2278 3715 2329 3752 et
2361 3714 2463 3753 tres
2490 3704 2583 3752 alii.

521 3779 730 3837 Caeteri,
752 3779 942 3843 quibus
964 3783 1306 3828 assentiuntur
1327 3783 1441 3831 cod.
1461 3794 1637 3832 noster
1654 3795 1705 3831 et
1727 3785 1844 3832 edit.
1865 3785 2036 3832 Aldin.
2056 3767 2313 3832 exuberat.
2334 3781 2584 3834 Nonnulli

527 3861 656 3908 editi
679 3861 798 3908 libri
822 3863 1045 3910 exsudat.
1067 3862 1378 3910 Praeferenda
1406 3864 1606 3914 videtur
1632 3866 1782 3914 lectio
1807 3867 1965 3931 prior.

600 3969 666 4013 V.
704 3968 790 4028 93.
815 3967 1026 4032 Rogavit.
1055 3968 1215 4016 Codd.
1245 3969 1379 4018 8050
1408 3981 1458 4018 et
1489 3972 1625 4018 8055
1641 4006 1656 4030 ‚
1678 3972 1881 4038 rogabit.
1906 3973 2131 4020 Britann.
2165 3973 2366 4039 rogaris.
2386 3974 2585 4031 Goeteri,

529 4047 727 4116 rogavit.
754 4050 829 4094 Ita
861 4063 1066 4114 quoque
1093 4048 1214 4122 cot}
1236 4061 1433 4113 noster,
1460 4063 1509 4099 et
1534 4053 1652 4100 edit.
1674 4054 1789 4102 ΑΜ.
1822 4055 1884 4106 15
1892 4055 1975 4110 35·
2005 4083 2009 4090 ·
2486 4067 2496 4084 “
