2775 4619
669 451 796 520 258
1035 449 1108 513 c,
1158 443 1553 513 LUCILII
1603 443 2275 530 FRAGMENTA,

743 577 898 634 (ham
925 572 1109 652 bulga
1134 584 1325 630 coenat
1340 613 1358 642 ‚
1383 569 1604 628 dormit
1620 610 1638 639 ‚
1663 568 1836 628 lavit:
1864 570 2055 630 omnis
2081 573 2143 630 in
2165 592 2281 630 una

741 677 891 752 Spes
913 671 1170 734 hominis
1191 668 1400 749 balga,
1424 664 1536 726 huc
1562 667 1830 727 devincta
1854 680 1943 727 est
1967 681 2173 728 caetera
2192 669 2323 729 vita.

1632 767 1664 822 1
1680 767 1728 822 Ι.

741 871 938 940 Quem
963 885 1157 944 neque
1179 862 1430 923 Lucanis
1457 861 1694 921 oriundi
1721 862 2013 922 montibu’
2040 863 2192 924 tauji

741 967 972 1024 Ducere
995 960 1224 1040 protelo
1252 959 1460 1053 validis
1482 958 1797 1018 cervicibu’
1821 971 2083 1037 possent.

1597 1058 1629 1113 1
1649 1059 1678 1113 1
1694 1059 1742 1114 Ι.

745 1159 860 1218 nic
878 1202 895 1230 ‚
924 1158 1164 1236 inquam
1183 1199 1200 1226 ‚
1230 1153 1404 1215 rudet
1431 1174 1465 1212 e
1491 1153 1693 1212 rostris
1718 1165 1896 1230 atque
1921 1153 2167 1228 ejulabit

681 1326 689 1332 ‚
747 1260 1114 1316 Concursans
1140 1251 1232 1310 uti
1257 1251 1553 1310 arenarius
1570 1291 1587 1321 ,
1614 1249 1889 1328 clareque
1912 1251 2217 1330 quititans.

1193 1351 1200 1358 ’
1614 1349 1732 1406 IV.

757 1487 1409 1508 .................
1446 1449 1691 1503 Peccare
1718 1445 1963 1524 impune
1986 1447 2099 1504 rati
2124 1458 2265 1504 sunt

743 1552 948 1618 Posse,
973 1558 1033 1604 et
1059 1544 1362 1602 nobilitate
1387 1541 1549 1601 facul
1572 1542 1905 1621 propellere
1930 1542 2188 1621 iniquos·

1638 1643 1711 1697 V.

753 1777 1247 1799 .............
1278 1735 1707 1796 Thannomeno
1721 1779 1739 1808 ‚
1762 1735 1986 1816 inquit,
2009 1736 2176 1795 valva
2198 1755 2455 1796 sororem

739 1837 1058 1900 lanificam
1086 1835 1216 1894 dici‘
1235 1835 1449 1894 siccam
1474 1847 1653 1914 atque
1676 1834 2019 1893 abstemium
2040 1835 2148 1894 ubi
2164 1835 2357 1894 audit.

1623 1933 1676 1991 V
1692 1933 1740 1988 1.

753 2070 1327 2091 ...............
1360 2029 1422 2089 si
1446 2028 1543 2087 hic
1563 2029 1908 2088 vestimentu
1930 2028 2107 2089 elevit
2132 2029 2263 2088 luto
2277 2073 2295 2102 ‚

740 2130 838 2190 Ab
864 2149 936 2188 eo
963 2128 1148 2188 risum
1170 2145 1451 2206 magnum
1476 2125 1555 2185 ad
1581 2125 1935 2186 cachinnum
1956 2127 2305 2208 imprudens
2327 2126 2569 2208 subjicis.

1228 2238 1234 2245 '
1593 2227 1646 2285 V
1662 2226 1691 2281 I
1712 2227 1759 2281 1.

752 2362 1286 2381 ..............
1318 2324 1439 2395 Qui
1467 2334 1527 2380 te
1552 2322 1734 2381 bonu’
1758 2320 2030 2401 Juppiter
2046 2364 2063 2393 ,
2089 2320 2288 2401 inquit

733 2422 940 2479 Crasso
965 2418 1230 2477 Mutium
1253 2414 1392 2476 cum
1420 2418 1685 2477 coenabat
1716 2418 2027 2477 dominum
2052 2419 2286 2480 fortem.

1572 2518 1621 2571 V
1640 2520 1670 2574 1
1687 2519 1716 2573 I
1735 2518 1785 2575 I.

619 2687 632 2699 ⁸
735 2618 960 2675 verum
987 2624 1048 2673 et
1067 2624 1409 2675 mercaturae
1432 2632 1635 2675 omnes
1656 2657 1674 2687 ,
1705 2625 1767 2673 et
1792 2611 2126 2693 quaesticuli
2150 2612 2319 2674 insti-

736 2712 899 2771 Tuti.

767 2808 775 2813 ’
1614 2810 1644 2865 1
1662 2810 1738 2866 X.

734 2905 1014 2988 Nequitia
1037 2918 1288 2989 occupat
1313 2926 1380 2966 os
1398 2950 1416 2980 ,
1441 2904 1762 2987 petulantia
1776 2947 1793 2977 ,
1822 2903 2279 2986 prodigitasque.

957 3002 1037 3071 v
1637 3008 1717 3064 x.

737 3104 802 3165 Si
827 3104 1013 3177 nosti,
1035 3122 1159 3164 non
1184 3122 1432 3183 magnus
1454 3100 1639 3161 homo
1669 3114 1782 3173 est,
1806 3104 2064 3175 nasutu’,
2086 3099 2393 3162 macellus.

657 3314 850 3375 omnis,
870 3331 1022 3380 quam
1053 3325 1104 3364 et
1133 3332 1417 3365 crumenam
1447 3325 1639 3365 veteres
1790 3314 1839 3363 6.
1867 3314 2099 3367 Nouius:
2123 3313 2306 3373 Elevie,
2336 3314 2608 3367 maculavit.
2696 3282 2698 3340 ¹

654 3397 1000 3462 appellarunt:
1019 3408 1072 3445 et
1098 3407 1172 3447 est
1191 3398 1423 3446 sacculus
1442 3396 1506 3450 ad
1524 3394 1639 3444 bra-
1792 3412 1840 3457 7.
1866 3397 2065 3445 Nonius
2088 3414 2101 3443 ε
2131 3395 2373 3445 Dominus
2398 3414 2576 3447 rursus
2600 3412 2665 3460 ap·

657 3478 836 3527 chium
861 3477 1103 3543 pendeus.
1716 3476 1934 3545 pellatur
1951 3476 2167 3525 convivii
2192 3474 2473 3527 exhibitor.

731 3574 782 3607 ει.
803 3558 1031 3609 Nonium
1050 3556 1302 3607 Protelare
1311 3592 1330 3618 ,
1351 3574 1526 3610 rursus
1544 3556 1638 3607 ad·
1792 3558 1839 3605 8.
1874 3558 2075 3607 Nonius
2101 3574 2115 3607 z
2150 3558 2441 3607 Mercatura
2472 3551 2667 3607 feminini

648 3638 848 3706 juvare.
1151 3666 1154 3671 ·
1716 3638 1910 3706 generis
1935 3637 2166 3685 habetur.
2234 3686 2240 3695 ,
2694 3574 2696 3688 l

731 3722 779 3769 3.
792 3720 992 3768 Nonius
1006 3736 1017 3766 :
1033 3715 1306 3781 Quiricare,
1323 3728 1398 3765 est
1410 3719 1641 3781 clamare,
1790 3736 1841 3783 9.
1860 3718 2057 3769 Nonius
2073 3734 2085 3767 ε
2104 3716 2417 3783 Prodigicas,
2436 3719 2567 3769 dicta
2580 3729 2668 3782 pro·

656 3808 871 3849 tractum
882 3787 952 3847 ub'
960 3799 1035 3857 iis,
1049 3796 1138 3861 qui
1149 3796 1372 3859 Quirites
1383 3798 1640 3849 invocant.
1716 3799 1870 3849 fusio.
2642 3848 2651 3857 ,

730 3888 781 3935 4.
807 3879 1042 3928 Nonius:
1077 3878 1263 3936 Facul,
1289 3894 1383 3943 pro
1414 3880 1639 3929 faciliter.
1797 3895 1881 3929 ιο.
1930 3877 2133 3929 Nouius
2169 3895 2183 3925 ε
2230 3877 2503 3929 Macellum
2530 3912 2547 3935 ,
2590 3874 2670 3923 dic-

731 3957 782 4005 5.
811 3958 1042 4011 Nonius:
1066 3957 1342 4011 Abscemius
1353 3992 1372 4019 ,
1398 3960 1491 4029 qui
1517 3960 1639 4011 vino
1718 3968 1827 4010 tum
1850 3974 1945 4027 pro
1966 3958 2290 4015 macilentum
2306 3993 2329 4023 ,
2344 3958 2570 4009 Lucilius
2584 3968 2671 4021 pro·

655 4033 887 4087 abstinet.
1658 4044 1687 4052 “
1718 4037 1823 4089 bat.
