2775 4619
780 629 1278 724 SATIRA
1349 639 1544 727 III.

833 852 917 898 m
967 827 1485 898 nizsmmsos„

223 1015 566 1140 Nizana
593 1065 734 1128 haec
761 1062 1020 1129 assidue
1045 1065 1072 1128 i>
1097 1065 1240 1128 Iam
1270 1065 1520 1130 clarum
1550 1078 1743 1138 mane
1767 1067 2079 1136 fenestras

225 1183 478 1260 Intrat,
510 1195 579 1244 et
611 1194 914 1268 angustas
947 1177 1240 1243 extendit
1273 1180 1527 1244 lumine
1558 1182 1795 1246 rimas:

221 1295 582 1360 Stertimus
609 1292 1008 1358 indomitum
1039 1292 1219 1381 quod
1252 1293 1641 1382 despumare
1666 1298 2019 1363 Falernum

225 1409 526 1476 Sufficiat
547 1457 566 1492 ‚
599 1410 834 1498 quinta
869 1408 1030 1473 dum
1066 1410 1238 1474 linea
1272 1410 1564 1500 tangitur
1593 1413 1849 1478 umbra.

215 1622 265 1655 1.
293 1604 484 1670 Nempe
501 1604 611 1653 hoec
623 1641 640 1664 ‚
663 1602 786 1672 etc.]
809 1601 938 1654 vet.
959 1601 1124 1654 schol.

149 1710 171 1731 ι
191 1685 342 1738 Hanc
378 1685 597 1736 satiram
629 1689 792 1753 poeta
827 1701 896 1734 ex
927 1681 1124 1734 Lucilii

149 1791 172 1811 ι
189 1765 330 1816 libro
373 1775 573 1836 quarto
619 1763 892 1814 transtulit
913 1800 929 1829 ,
969 1763 1123 1814 casti·

151 1871 170 1891 ι
189 1846 358 1916 gantis
375 1843 618 1898 divitum
651 1843 924 1895 luxuriam
961 1855 1016 1896 et
1040 1842 1124 1894 vi·

151 1951 170 1971 ι
189 1927 279 1976 tia.
299 1950 321 1971 ι
345 1923 730 1978 Introducitur
747 1941 874 1994 ergo
891 1924 1126 1994 philoso-

143 2004 281 2074 phus
299 2007 534 2076 juvenes
556 2001 660 2055 sihi
691 2003 749 2053 in
783 2000 1124 2072 disciplinam

146 2083 288 2137 datos
335 2085 581 2138 excitans
602 2122 617 2149 ,
654 2097 708 2136 e't
745 2093 870 2154 post
907 2081 1122 2155 longam

145 2165 454 2238 patientiam
503 2165 734 2216 irascens
781 2161 887 2214 illis
908 2201 924 2226 ‚
957 2161 1122 2243 ⁸quod

145 2247 307 2298 serius
344 2263 452 2317 pro
489 2260 641 2296 more
683 2261 779 2295 suo
819 2255 1118 2314 surgerent.

142 2333 359 2379 —Ha-c.
383 2326 515 2379 scil.
539 2326 652 2377 hoec
685 2322 868 2377 eadem
897 2342 1048 2397 ages,
1067 2334 1122 2377 et

142 2408 192 2458 in
215 2408 429 2459 clarum
458 2404 605 2457 diem
630 2416 816 2457 stertes
833 2402 1121 2455 ?——·-Mane.

142 2487 372 2540 Adverb.
391 2500 498 2557 pro
517 2486 737 2537 nomine
757 2484 1008 2556 positum.
1029 2484 1124 2537 Est

142 2587 263 2619 vero
278 2572 474 2618 clarum
489 2572 635 2617 inane
651 2566 728 2617 sol
749 2565 909 2628 altus,
930 2565 1124 2617 clarior

142 2650 308 2702 factus
323 2661 378 2701 et
392 2642 990 2718 dtoeuye‘espoffidiscussis
1008 2665 1114 2698 nu-

139 2727 323 2792 bibus,
346 2746 470 2799 quae
502 2729 611 2779 fere
635 2727 901 2778 orientem
924 2724 1118 2777 obum-

137 2810 306 2861 brant.
335 2807 405 2859 C.
431 2819 488 2860 et
509 2806 573 2858 P.
917 2866 920 2869 ⁴

206 2908 258 2940 2.
304 2892 373 2939 Ec
410 2900 644 2955 angustas
685 2889 908 2937 extendit
937 2888 1119 2937 lumine

137 2969 316 3039 rimas]
343 2967 657 3041 Hypallage.
671 2966 794 3019 Non
809 2967 953 3018 enim
967 2967 1115 3019 rimae

141 3046 514 3101 extenduntur
531 3086 548 3112 ‚
574 3048 660 3099 vel
703 3045 996 3098 dilatantur
1027 3046 1115 3098 lu·-

139 3128 282 3179 mine
308 3127 466 3190 solis3
486 3125 582 3179 sed
608 3127 789 3177 lumen
817 3128 998 3196 ipsum
1022 3145 1112 3178 ex-

140 3207 800 3270 tenditur,transmittente
813 3207 924 3257 sole
935 3206 1113 3258 radios

140 3305 258 3339 suos
279 3305 382 3358 per
409 3288 590 3338 rimas.
624 3286 689 3338 C.

209 3368 256 3418 3.
287 3368 584 3437 Stet-timus]
625 3366 712 3419 Tu
745 3367 939 3419 stertis.
979 3366 1116 3438 Apta

141 3444 314 3501 autem
326 3448 686 3519 objurgationi
700 3450 874 3519 prima
889 3462 1117 3518 persona

143 3546 238 3597 pro
277 3526 537 3581 secunda.
557 3559 628 3567 —
645 3531 942 3585 Indomitum
981 3530 1120 3594 quod

109 3626 114 3633 ·
141 3610 434 3675 despumare.
453 3647 464 3658 .
486 3647 499 3659 .
517 3647 530 3659 .
571 3610 802 3679 sufficiat.
856 3608 1072 3660 Scilicet
1096 3626 1109 3657 z

145 3686 268 3739 adeo
315 3687 546 3758 longum
596 3700 810 3759 tempus
865 3686 1070 3739 dormis
1091 3724 1107 3751 ,

147 3767 283 3838 quod
295 3767 534 3821 sufficiat
544 3768 937 3839 concoquendo
952 3769 1115 3820 etiam

1203 1603 1467 1656 acerrimo
1504 1604 1647 1657 vino.
1669 1637 1741 1646 —
1764 1599 2077 1663 Indomitum.
2098 1649 2110 1662 .
2134 1651 2146 1664 .
2167 1649 2183 1662 .

1202 1689 1484 1736 Falernum.
1550 1685 1840 1742 Falernum
1899 1694 2185 1745 indomitum·

1202 1762 1381 1832 poetis
1408 1764 1589 1815 vocari
1624 1763 1775 1818 solet.
1814 1766 1895 1818 De
1923 1767 2029 1820 hoc
2054 1772 2186 1822 vino

1204 1840 1320 1894 vid.
1345 1843 1541 1895 Juven.
1577 1856 1669 1895 sat.
1703 1845 1876 1911 XIII,
1898 1867 1951 1898 v.
1987 1852 2187 1901 216.--

1203 1921 1526 1987 Despumare.
1572 1921 1799 1994 Proprie
1844 1926 2141 1980 fervescere
2164 1968 2183 1993 ‚

1206 2001 1543 2065 fermentari,
1566 2020 1628 2073 sp
1637 2021 1784 2055 umas
1808 2022 1961 2075 agere
1975 2044 1989 2068 ,
2012 2009 2186 2061 active

1203 2083 1306 2134 hoc
1332 2083 1455 2134 loco
1482 2084 1644 2134 etiam
1678 2081 1952 2156 digerere,
1981 2105 2183 2140 concoa

1203 2173 1372 2234 quere
1413 2163 1471 2216 in
1516 2165 1789 2217 stomacho
1804 2204 1820 2229 ‚
1850 2169 2001 2237 quod
2040 2169 2184 2222 Galli

1201 2255 1323 2315 apte
1343 2241 1560 2305 dicunt,
1578 2263 1720 2294 caver
1738 2265 1823 2296 son
1846 2249 1957 2297 vin.
1976 2247 2034 2298 C.
2050 2261 2102 2300 et
2118 2251 2179 2301 A.

1275 2332 1321 2387 4.
1347 2325 1531 2390 Quincti
1550 2328 1664 2376 dum
1690 2329 1821 2377 linea
1839 2331 2061 2396 tangitur
2080 2351 2184 2383 urn-

1205 2406 1339 2473 brdz]
1367 2407 1513 2457 Dum
1533 2444 1548 2470 ,
1578 2406 1632 2456 in
1670 2406 1830 2459 solari
1860 2408 2178 2481 horologio,

1201 2504 1441 2556 gnomon
1484 2486 1691 2556 quintae
1728 2478 1884 2540 lineae
1930 2490 2181 2542 umbram
2266 2510 2276 2515 ·

1203 2567 1344 2617 facit.
1366 2566 1495 2618 Dies
1516 2568 1774 2619 naturalis
1788 2605 1804 2631 ‚
1826 2580 1889 2620 ut
1910 2582 1988 2621 est
2008 2576 2183 2622 omni-

1195 2648 1298 2699 bus
1309 2646 1677 2717 notum,apud
1690 2650 1958 2700 Romanos
1973 2648 2028 2699 in
2047 2647 2185 2702 duo-

1198 2726 1376 2779 decim
1422 2726 1577 2779 horas
1624 2726 1973 2780 dividebatur
2002 2748 2015 2779 t
2060 2730 2177 2781 scil.

1198 2822 1294 2859 sex
1329 2819 1484 2858 erant
1513 2821 1637 2859 ante
1676 2807 1957 2861 meridiem
1995 2808 2140 2861 horae
2158 2845 2185 2868 ,-

1197 2900 1250 2941 et
1281 2886 1513 2939 totidem
1549 2899 1695 2958 post.
1735 2888 1816 2939 Ita
1838 2926 1853 2949 ‚
1883 2882 2180 2958 incipiente

1195 2968 1370 3039 prima
1390 2968 1520 3018 hora
1540 2966 1607 3019 ad
1621 2966 1806 3019 ortum
1825 2968 1965 3030 solis,
1983 2968 2178 3039 quinta

1194 3044 1260 3099 ad
1276 3059 1511 3097 nostram
1526 3044 1872 3099 undecimam
1885 3044 2178 3115 recideret3‘

1195 3146 1305 3199 quo
1321 3141 1565 3197 tempore
1579 3126 1846 3197 prandere
1860 3128 2046 3181 multis
2064 3143 2184 3183 erat

1193 3217 1534 3257 consuetum.
1562 3202 1729 3267 Quod
1759 3210 1939 3256 aut‘em
1970 3217 2183 3277 spectat

1196 3284 1263 3338 ad
1287 3282 1569 3354 horologia
1592 3284 1776 3336 solaria
1792 3322 1807 3348 ‚
1837 3286 2177 3357 illorumque

1195 3364 1573 3437 antiquitatem
1590 3402 1607 3428 ‚
1632 3364 1832 3416 horum
1858 3367 2069 3437 primus
2091 3366 2181 3417 in·-

1196 3457 1413 3508 ventor,
1428 3444 1472 3495 si
1488 3444 1662 3496 Plinio
1685 3442 1819 3497 fides
1838 3444 2141 3499 adhibenda
2154 3492 2175 3517 ,

1192 3527 1298 3578 suit
1340 3525 1699 3576 Anaximenes
1750 3524 1993 3579 Milesius
2019 3546 2036 3591 ς
2077 3524 2177 3583 etsi

1191 3603 1597 3658 Anaximandro
1623 3600 1790 3677 hujus
1811 3608 2061 3677 magistro
2085 3611 2181 3662 tri-

1191 3680 1372 3738 buunt
1400 3685 1623 3756 Diogen.
1659 3684 1837 3736 Lafirt.
1874 3684 1968 3737 lib.
1996 3686 2055 3738 ΙΙ
2074 3725 2089 3752 ,
2120 3698 2179 3743 et

1194 3766 1505 3819 Vitruvius.
1552 3766 1733 3818 Rom‘ae
1772 3781 1900 3820 vero
1947 3766 2175 3823 illorum'

208 3950 269 3995 V.
301 3966 347 3994 1.
372 3944 508 4024 Hfaec.
533 3923 750 4010 Quidam
780 3948 928 3995 codd.
957 3958 1007 3994 et
1033 3946 1276 3995 editiones
1307 3942 1567 3993 nonnullae
1596 3916 1785 3995 habent
1810 3945 1908 4013 hoq
1918 3957 2005 3997 :at
2024 3944 2172 4014 parvi

143 4024 354 4074 interest.
391 4028 578 4079 Noster
604 4022 717 4075 co‘d.
744 4026 897 4075 hahet
925 4024 1033 4073 hoc.
1066 4028 1192 4073 Item
1219 4026 1337 4072 edit.
1362 4024 1545 4072 Aldina
1576 4024 1723 4073 1535.

203 4104 266 4157 V.
301 4124 354 4155 2.
381 4108 640 4159 Extendi&
668 4108 790 4159 Cod.
819 4118 988 4159 noster
1009 4109 1142 4156 inter
1167 4106 1322 4155 lineas
1344 4104 1499 4154 habet
1519 4105 1742 4155 ostendit.

1778 4191 1816 4256 5

1978 1409 2044 1464 fs
2071 1433 2109 1458 c·
2138 1393 2352 1458 'flam'
2385 1387 2461 1461 A:
