2775 4619
557 423 680 489 166

1071 422 1150 481 A.
1198 417 1571 481 PERSII
1638 416 2024 482 FLACCI

636 549 766 610 Cor
781 514 971 634 jusset
991 543 1122 610 hoc
1149 541 1362 624 Enni,
1387 558 1733 632 postquam
1762 513 2109 608 destertuit·
2128 529 2267 608 esse

2534 569 2607 604 10

635 657 990 726 Maeonides
1021 659 1308 740 Quintus
1325 707 1344 740 ‚
1368 679 1621 747 pavone
1648 681 1729 723 ex
1756 657 2184 748 Pythagoreo.

637 775 766 840 Hic
790 797 915 864 ego
937 796 1199 840 securus
1221 773 1403 864 vulgi
1418 821 1437 856 ,
1454 788 1531 840 'et
1556 772 1721 861 quid
1742 790 2063 863 praeparet
2086 775 2321 838 Auster

549 971 694 1020 aulai
705 1007 722 1029 ,
751 968 914 1036 pictai
936 1004 953 1028 ,
993 981 1080 1018 ecc.
1107 997 1178 1007 —-
1206 971 1363 1017 Lunae
1397 983 1531 1021 vero

549 1061 748 1122 portus
765 1061 848 1101 est
866 1048 1161 1112 maximus,
1177 1065 1268 1100 seu
1287 1085 1303 1111 ‚
1315 1045 1499 1100 verius
1513 1083 1531 1111 ,

548 1143 632 1184 est
669 1131 820 1183 sinus
863 1130 1004 1182 inter
1040 1141 1267 1200 portum
1297 1127 1531 1180 Veneris

549 1225 606 1265 et
624 1225 850 1282 portum
869 1211 1060 1284 Erycis
1073 1249 1092 1276 ,
1110 1209 1321 1263 ambitu
1333 1209 1530 1280 viginti

547 1291 720 1344 millia
751 1309 892 1362 pass.
930 1302 1155 1362 patens3
1188 1288 1356 1342 hodie
1384 1290 1527 1360 goffo

545 1375 679 1422 della
701 1374 932 1437 Spe-azia,
955 1370 1032 1423 sic
1055 1369 1439 1423 denominatus
1456 1369 1525 1420 ab

548 1453 689 1506 urhe
714 1452 926 1524 spetiei,
953 1471 1076 1526 quae
1113 1452 1214 1505 sita
1253 1463 1332 1502 est
1358 1449 1417 1502 in
1446 1451 1528 1502 in-

545 1534 686 1586 timo
705 1551 937 1586 recessu.
950 1565 1020 1573 —
1031 1537 1118 1583 Est
1130 1552 1306 1600 oper-ce.
1322 1532 1529 1583 Subau-

549 1611 704 1666 ditur
728 1613 973 1685 pretium
991 1649 1008 1676 ,
1035 1624 1099 1664 ut
1126 1630 1266 1683 soepe
1293 1609 1359 1664 fit
1376 1609 1529 1682 apud

547 1693 726 1745 bonos
753 1694 1044 1764 scriptores
1067 1692 1389 1745 Latinitatis.
1416 1691 1475 1744 P.
1520 1733 1533 1760 ,

627 1792 706 1826 10.
736 1777 831 1825 Cor
847 1777 998 1842 jubet
1023 1776 1116 1824 hoc
1143 1771 1296 1841 Emu‘]
1315 1770 1385 1824 Id
1414 1785 1494 1824 est
1510 1807 1528 1836 ‚

541 1854 650 1906 hoc
689 1854 848 1906 nobis
888 1854 1120 1924 iinperat
1157 1853 1370 1906 Ennius
1394 1891 1413 1918 ‚
1444 1853 1531 1906 vir

546 1933 804 1988 cordatus
839 1947 895 1988 et
936 1935 1164 2006 sapiens.
1212 1935 1351 1986 Nam
1372 1971 1390 1998 ‚
1434 1953 1531 1987 cor

545 2010 704 2064 radix
726 2013 852 2065 vitae
886 2023 942 2064 et
980 2011 1132 2074 fons,
1161 2012 1393 2083 ponitur
1425 2030 1529 2082 pro

547 2105 736 2146 mente
769 2105 823 2152 et
855 2092 1130 2163 sapientia.
1165 2117 1188 2138 ι
1209 2091 1489 2144 Peut-etre
1511 2129 1530 2155 ‚

554 2199 578 2219 ι
601 2173 790 2244 inquit
805 2172 1044 2228 Gallicus
1061 2173 1295 2244 interpr.
1309 2178 1380 2224 Le
1392 2177 1533 2224 Mon·

553 2280 577 2300 =
600 2253 732 2315 niei,
756 2255 918 2306 Perse
933 2253 1129 2307 veut-il
1144 2291 1160 2317 ‚
1188 2271 1256 2306 en
1279 2264 1526 2324 passam,

550 2361 573 2382 ι
595 2334 777 2387 railler
811 2335 864 2387 la
903 2334 1036 2387 solie
1083 2332 1350 2386 d'Ennius
1371 2372 1391 2400 ,
1428 2333 1531 2405 qui

554 2440 577 2462 ι
599 2415 740 2469 avait
748 2413 1024 2487 pre'tendu
1037 2414 1190 2467 avoir
1198 2414 1331 2467 trois
1341 2432 1531 2475 occurs,

551 2520 574 2542 α
597 2513 760 2567 parce
777 2494 912 2566 qu’il
935 2493 1103 2548 savait
1130 2494 1262 2547 trois
1287 2494 1529 2563 langues.

554 2602 578 2622 ι
602 2577 748 2628 Dans
767 2594 830 2627 ce
850 2594 938 2627 cas
950 2612 968 2639 ‚
985 2595 1072 2627 cor
1090 2593 1160 2627 au
1186 2573 1448 2645 singulier
1466 2573 1533 2625 si-

553 2682 576 2703 «
597 2654 852 2727 gnifiera,
880 2652 1068 2707 Ennizis
1100 2658 1283 2705 devenu
1311 2674 1455 2723 suge,
1484 2668 1534 2704 et

505 2783 511 2788 .
555 2761 578 2783 ιι
597 2756 649 2787 se
671 2751 960 2787 conteneant
973 2739 1092 2787 d'un
1119 2740 1224 2787 seul
1244 2755 1400 2787 coeur.
1419 2760 1441 2781 a
1457 2766 1531 2775 —

503 2876 506 2879 ⁴
548 2820 748 2869 Ennius.
783 2818 948 2875 Boeta
989 2818 1174 2889 epicus
1195 2855 1212 2881 ,
1239 2829 1365 2889 post
1404 2817 1525 2871 Liv.

545 2897 928 2952 Andronicum
973 2898 1367 2951 vetustissimus
1390 2936 1407 2963 ,
1440 2914 1533 2950 an-

544 2981 696 3033 nales
727 2999 862 3051 pop.
897 2982 1059 3032 Rom.
1099 2979 1258 3051 epico
1289 2980 1529 3032 carmine

544 3060 778 3132 scripsit.
792 3064 874 3113 De
889 3076 954 3112 eo
964 3058 1074 3113 vid.
1085 3078 1206 3131 quae
1219 3059 1528 3111 notavimus

546 3140 709 3193 initio
739 3138 985 3211 prologi,
1014 3159 1070 3193 v.
1113 3146 1529 3205 a.—Postquam

543 3224 802 3273 destertuit
827 3242 924 3272 esse
949 3224 1235 3273 Moeom'des.
1263 3220 1528 3273 Hellenis-

543 3319 671 3354 mus
686 3340 704 3366 ‚
726 3320 831 3373 pro
852 3300 1136 3353 destertuit
1155 3320 1210 3353 se
1229 3320 1341 3353 esse
1360 3302 1528 3352 Μωσ-

543 3380 751 3435 uidem.
761 3386 1114 3448 -f-Descertuit.
1139 3382 1419 3435 Somniare
1436 3378 1530 3433 de-

542 3462 636 3516 siit
672 3482 728 3515 se
759 3463 1062 3515 Homerum
1105 3482 1248 3529 esse,
1282 3476 1336 3515 et
1369 3460 1441 3515 ad
1472 3480 1528 3515 se

542 3561 790 3599 reversus
809 3582 828 3610 ‚
868 3545 1064 3597 omissa
1101 3543 1414 3617 Pythagora
1458 3542 1528 3595 de

544 3624 848 3681 animarum
874 3625 934 3677 in
959 3624 1062 3678 alia
1097 3642 1326 3697 corpora
1355 3637 1529 3676 trans-

1610 959 1931 1038 migratione
1981 968 2245 1021 sententia
2276 1005 2295 1032 ‚
2344 968 2604 1032 Quintus

1609 1048 1823 1100 Ennius
1866 1048 1971 1100 sibi
2010 1047 2189 1102 videri
2232 1049 2399 1120 coepit
2414 1088 2431 1114 ,
2476 1068 2603 1102 non

1607 1127 1852 1192 Quintus
1876 1127 2183 1192 Homerus,
2208 1141 2269 1180 ut
2292 1141 2475 1182 antea.
2508 1130 2603 1181 Ita

1606 1208 1847 1260 Turneb.
1857 1206 2079 1260 Advers.
2088 1208 2209 1260 Lib.
2220 1209 2397 1270 XXX,
2408 1227 2531 1278 cap.
2548 1229 2601 1278 7.

1604 1287 1893 1341 Somnium
1918 1300 2105 1342 autem
2131 1290 2300 1347 Ennii
2334 1290 2463 1342 satis
2490 1309 2601 1342 no·

1606 1379 1744 1420 tum.
1768 1367 1894 1420 Vid.
1920 1368 2133 1440 prolog.
2156 1389 2207 1421 v.
2232 1388 2287 1421 a.
2317 1370 2384 1421 A.

1684 1467 1768 1502 11.
1795 1452 2094 1521 Maeonues]
2136 1450 2227 1503 Sic
2262 1449 2445 1506 dictus
2477 1450 2601 1502 Ho-

1606 1547 1788 1582 merus
1808 1549 1837 1581 a
1850 1531 2081 1582 Maeonia
2094 1531 2601 1602 patria.—Quintus,

1601 1627 1792 1676 pavone
1803 1629 1868 1660 ex
1880 1613 2207 1678 Pythagoreo.
2222 1609 2289 1662 Id
2303 1624 2385 1662 est
2400 1649 2417 1674 ‚
2438 1625 2601 1682 post-

1610 1695 1774 1760 quam
1792 1689 1965 1742 factus
1986 1704 2067 1743 est
2086 1691 2327 1756 Quintus
2346 1691 2597 1753 Ennius,

1610 1788 1680 1822 ex
1717 1789 1928 1842 pavone
1970 1771 2329 1843 Pythagoreo.
2374 1771 2601 1824 Ennius

1608 1851 1840 1904 finxerat
1856 1851 2185 1923 immigrasse
2204 1853 2265 1904 in
2285 1870 2341 1904 se
2354 1853 2601 1906 animam

1609 1932 1833 1984 Homeri
1848 1967 1863 1993 ,
1882 1950 1911 1984 a
1941 1950 2053 2006 quo
2078 1933 2171 1984 illa
2194 1932 2252 1984 in
2284 1951 2559 2004 pavonem
2579 1969 2601 1996 ,

1608 2031 1670 2066 ac
1691 2012 1889 2066 deinde
1910 2013 1969 2065 in
1991 2013 2349 2086 Pythagoram
2362 2047 2379 2078 ‚
2401 2025 2601 2084 postea

1607 2113 1738 2147 vero
1776 2095 1836 2146 in
1872 2095 2119 2147 Ennium
2153 2095 2467 2146 transiisset.
2494 2094 2601 2146 Hae

1608 2186 1741 2226 sunt
1776 2193 1933 2244 nugae
1980 2173 2327 2246 Pythagorea
2368 2171 2437 2224 de
2456 2175 2601 2226 -Me-

1609 2254 1975 2327 tempsychosi
1994 2289 2011 2319 ‚
2044 2271 2175 2327 quas
2206 2254 2342 2306 salse
2374 2253 2601 2307 deridet

1608 2342 1791 2408 poeta.
1822 2336 1885 2388 P.
1914 2350 1969 2389 et
1995 2338 2061 2388 Α.

1687 2436 1769 2470 12.
1810 2416 1903 2467 Hi'c
1943 2438 2029 2487 ego
2066 2436 2261 2469 securta
2293 2416 2479 2487 vulgi]
2522 2418 2597 2469 In

1609 2510 1777 2570 portu
1805 2500 1975 2553 Lunae
1992 2537 2009 2563 ‚
2039 2499 2225 2571 inquit
2238 2537 2269 2571 ,Ι
2278 2504 2467 2553 versor
2484 2536 2503 2562 ‚
2526 2510 2599 2549 ut

1608 2590 1763 2631 antea
1786 2578 1995 2631 dictum
2010 2618 2025 2642 ,
2050 2598 2251 2650 parum
2278 2598 2471 2631 curans
2493 2598 2595 2631 ru-

1601 2660 1789 2711 lmores
1815 2660 2137 2731 popularem
2164 2659 2360 2730 procul
2386 2659 2453 2711 ab
2482 2677 2598 2710 am·

1608 2739 1817 2791 bitione
1840 2752 1895 2791 et
1911 2740 2119 2811 vulgari
2143 2739 2395 2810 strepitu.
2420 2738 2593 2791 Secu·

1608 2821 1737 2873 ritas
1762 2820 1879 2873 haec
1907 2819 1976 2872 de
2014 2839 2121 2891 qua
2148 2821 2311 2873 sentit
2336 2818 2555 2871 Persius
2572 2856 2593 2884 ,

1609 2901 1700 2953 illa
1715 2914 1794 2957 est
1814 2919 1976 2972 quam
1998 2901 2253 2954 conciliat
2270 2900 2357 2953 sui
2376 2898 2595 2953 studio-

1608 2982 1678 3033 sis
1698 2981 1809 3035 sola
1826 2982 2001 3034 virtus
2014 3016 2033 3045 ‚
2053 2982 2209 3051 cujus
2228 2980 2453 3051 propria
2474 2978 2595 3033 laus

1607 3074 1721 3125 est,
1752 3058 1903 3132 quod
1940 3060 2147 3112 animos
2184 3060 2334 3113 omni
2370 3070 2595 3131 pertur-

1606 3142 1827 3197 batione
1864 3140 2168 3193 affectuum
2204 3141 2464 3193 liberatos
2481 3175 2498 3202 ‚
2529 3139 2591 3191 in
2652 3176 2661 3185 .

1607 3242 1801 3277 securo
1820 3222 2231 3294 tranquillitatis
2249 3233 2417 3293 portu
2430 3258 2445 3279 ,
2468 3222 2591 3274 ἀκυ·

1608 3304 1804 3374 μάντῳ,
1828 3304 2073 3355 collocat.
2092 3303 2285 3373 Chrys·
2306 3302 2366 3352 in
2390 3302 2589 3353 Matth.

1606 3383 1833 3437 homilia
1844 3383 2019 3435 XXV.
2044 3384 2129 3443 Τίς
2152 3385 2270 3443 inv,
2286 3382 2427 3441 aitst‘l
2451 3381 2591 3451 ἰσχὺς

1606 3469 1696 3525 τῆς
1724 3466 1931 3534 ἀρετῆςς
1953 3465 2009 3517 τὸ
2036 3462 2168 3534 μετὰ
2186 3462 2458 3532 &apuleiae
2480 3462 2561 3527 ζῇν
2578 3483 2590 3495 ·

1608 3547 1665 3598 τὸ
1716 3539 1891 3615 μηδενὶ
1938 3550 2035 3597 τῶν
2089 3538 2261 3595 δεινῶν
2306 3541 2589 3611 ἐυχείρωτον

1610 3620 1751 3677 εἶναι.
1765 3628 1914 3674 -Et
1942 3626 2071 3691 quid
2092 3636 2352 3691 praeparet
2379 3623 2585 3680 Auster,

612 3806 682 3852 V.
709 3822 730 3851 ι
746 3822 788 3852 1.
811 3802 1075 3854 Moeom'des
1097 3802 1300 3867 Quintus
1311 3838 1329 3863 ,
1347 3820 1541 3867 pavone
1562 3820 1627 3851 ex
1648 3802 1857 3867 Pythag.
1885 3802 2135 3852 Nonnulli
2154 3800 2300 3849 codd.
2322 3816 2388 3847 ex
2395 3816 2588 3865 pavone

541 3882 846 3949 Pythagoreo
859 3919 877 3943 ,
898 3884 1043 3932 male.
1065 3882 1267 3931 Thtian.
1293 3883 1407 3931 cod.
1425 3900 1458 3930 a
1470 3891 1665 3947 pavone
1682 3880 2009 3948 Pythagoreo.

612 3990 681 4037 V.
714 4006 795 4036 η.
823 3991 943 4056 Ego.
979 3990 1141 4051 Male,
1161 4000 1214 4039 et
1253 3990 1362 4039 sine
1406 3990 1727 4050 auctoritate,
1755 3990 1967 4056 interpr.
2006 3986 2227 4045 Gallicus
2255 3988 2330 4067 ’Le
2362 3984 2589 4035 Mounier

539 4070 660 4141 legit
686 4086 798 4136 ago.
