2775 4619
1019 206 1046 229 N

494 399 618 485 174

995 397 1072 461 A.
1130 396 1513 461 PERSII
1576 396 1972 465 FLACCI

574 519 911 615 Insignem
944 520 1032 584 ob
1064 520 1315 586 cladem
1348 522 1689 587 Germanae
1720 524 1914 613 pubis
1932 573 1953 606 ‚
1982 540 2047 588 et
2080 528 2206 591 aris

570 635 873 727 Frigidus
910 638 1239 702 excutitur
1273 638 1482 721 cinis3
1511 662 1586 703 ac
1613 641 1752 727 jam
1781 640 2077 730 postibus
2103 665 2320 727 arma,

563 752 598 817 J
602 776 707 817 am
744 752 1113 843 chlamydes
1124 777 1373 843 dregum
1393 806 1415 837 ,
1435 754 1771 842 jam-lutea
1797 780 2074 847 gausapa
2099 759 2304 848 captis
2321 808 2344 841 ,

566 869 941 958 Essedaque
956 919 975 952 ‚
997 871 1432 971 ingentesque
1465 871 1638 937 locat
1667 874 1956 937 Caesonia
1985 873 2292 941 Rhenos:

562 984 681 1050 Dis
714 986 913 1076 igitur
932 1034 950 1069 ,
977 985 1323 1075 Genioque
1352 985 1540 1051 ducis
1568 1002 1836 1052 centum
1859 989 2041 1077 paria
2060 1038 2079 1071 ,
2110 989 2198 1054 ob
2227 1012 2334 1054 res

472 1177 804 1232 liberalitatis
822 1164 1256 1250 prestantissima
1267 1178 1367 1231 hac
1380 1197 1456 1231 sa·

474 1260 579 1313 tir&
615 1273 865 1331 paratum
906 1258 1213 1312 auditorem
1249 1262 1452 1313 tenuit.

474 1342 751 1395 Hactenus
768 1380 783 1404 ,
819 1340 889 1394 de
931 1340 1157 1413 privatis
1194 1340 1456 1412 impensis

472 1422 617 1493 egit;
641 1412 747 1474 hoc
773 1422 894 1474 loco
910 1458 926 1485 ‚
948 1419 1017 1472 de
1044 1418 1310 1492 publicis,
1336 1422 1458 1492 qui-

471 1502 577 1554 bus
596 1502 852 1577 convenit
870 1500 1283 1572 magnificentia.
1307 1501 1454 1555 Cum

468 1595 681 1645 autem,
701 1582 807 1633 hoc
828 1580 1196 1633 infelicissimo
1218 1581 1414 1634 saeculo
1430 1618 1448 1645 ‚

470 1662 735 1725 Romani,
769 1661 867 1733 qui
904 1673 1061 1714 antea
1102 1673 1211 1713 tam
1245 1662 1450 1733 magni·

468 1743 572 1796 fiee
588 1779 605 1807 ,
642 1742 885 1795 hilariter
900 1780 917 1807 ,
956 1752 1010 1793 et
1052 1740 1286 1793 libenter
1326 1760 1452 1812 erga

402 1830 404 1832 ’
468 1826 703 1877 victores
740 1824 826 1876 usi
863 1835 1015 1876 erant
1036 1861 1054 1888 ‚
1086 1820 1156 1875 ad
1195 1822 1452 1876 maximas

468 1904 737 1975 impensas
755 1902 917 1957 inviti
943 1900 1294 1972 adigerentur
1312 1920 1343 1953 a
1364 1914 1451 1975 ty-

466 1985 653 2037 rannia
665 2002 907 2057 quorum
924 1980 1232 2034 dominium
1250 1996 1450 2047 essent,

467 2084 681 2119 necesse
700 2076 810 2117 erat
830 2082 921 2116 eos
947 2063 1232 2134 praeceptis
1254 2062 1452 2115 instrui

469 2164 589 2216 quae
612 2146 857 2197 animum
878 2142 1131 2197 adversus
1153 2142 1282 2195 tales
1301 2162 1453 2197 casus

463 2226 765 2293 firmarent3
776 2224 1101 2298 quod,quasi
1112 2224 1261 2277 aliud
1276 2244 1455 2297 agens,

464 2306 573 2358 hoc
594 2306 716 2360 loco
731 2344 747 2371 ,
768 2304 935 2358 efficit
962 2311 1447 2376 poeta—Laurus.

464 2374 730 2440 Laureata
754 2386 981 2458 epistola
1006 2385 1065 2436 in
1097 2386 1312 2458 signum
1334 2386 1448 2438 vic·

465 2467 637 2520 toriae.
679 2465 825 2518 Plin.
868 2466 967 2518 lib.
1011 2466 1117 2518 XV
1133 2504 1151 2532 ,
1182 2484 1301 2538 cap.
1343 2485 1408 2518 ιο
1430 2485 1449 2532 3

464 2549 578 2602 Tit.
598 2547 833 2604 Liv.1ib.
852 2547 1177 2614 V3Martia1.
1193 2547 1287 2599 lib.
1301 2549 1449 2614 VII,

463 2629 604 2700 epig.
626 2635 657 2692 4
674 2667 690 2693 ,
717 2629 745 2680 5
766 2667 781 2691 ,
798 2632 861 2694 6,
884 2639 938 2682 et
957 2629 1063 2680 alii.
1097 2628 1155 2681 C.
1190 2640 1246 2680 et
1269 2630 1336 2680 A.

535 2715 620 2772 44.
635 2713 884 2778 Insignem
898 2713 958 2758 ob
970 2711 1200 2776 cladem]
1216 2708 1448 2762 Ironice.

460 2786 592 2844 Vid.
617 2789 768 2858 Suet.
784 2789 882 2842 vit.
906 2789 1076 2860 Calig.
1102 2807 1223 2860 cap.
1246 2792 1337 2852 46.

534 2871 600 2934 45
610 2910 623 2923 .
648 2873 869 2940 Frigidus
884 2873 1133 2922 excutitur
1148 2873 1303 2940 cinis]
1316 2871 1446 2924 Pos-

376 2965 381 2969 ’
459 2950 623 3004 tremi
665 2950 923 3006 ‚sacrificii
979 2948 1187 3004 residui
1236 2949 1444 3002 cineres

462 3043 789 3086 amoventur
809 3069 826 3096 ,
868 3049 1047 3084 novus
1087 3028 1263 3102 ignis,
1300 3048 1445 3083 nova

456 3131 608 3184 sacra
645 3113 1045 3166 instaurantur.
1076 3143 1149 3152 --
1177 3116 1291 3162 Iam
1323 3131 1444 3178 pos-

460 3197 587 3246 tibus
609 3213 769 3247 arma.
798 3192 1028 3264 Tropaea
1053 3192 1307 3245 militaria
1321 3209 1443 3259 pos·

459 3275 922 3347 tiburtemplorum
938 3286 992 3326 et
1007 3273 1243 3326 arcubus
1254 3273 1446 3324 trium·

455 3353 711 3426 phalibus
739 3365 1116 3425 apponuntur.
1146 3351 1442 3424 Virgilius,

454 3431 686 3486 Aeneid.
710 3433 823 3486 VII
843 3452 858 3485 z

454 3531 701 3594 Multaque
726 3539 949 3594 praeterea
977 3532 1117 3581 sacris
1146 3533 1198 3578 in
1226 3529 1442 3594 postibus

582 3619 736 3660 arma,

449 3673 641 3738 Captivi
655 3675 863 3738 pendent
886 3690 1051 3724 currus
1065 3709 1080 3732 ‚
1100 3689 1345 3734 curvaeque
1363 3687 1436 3721 se-

578 3761 729 3792 cures.
1250 3747 1303 3790 P.

528 3838 619 3900 46.
638 3825 750 3888 Jam
766 3837 1043 3902 chlamydes
1059 3839 1274 3904 reguum]
1293 3836 1438 3888 Chla-

2477 650 2568 717 45

1507 1200 1649 1259 says.
1673 1179 1927 1233 Militaris
1951 1170 2114 1235 vestis
2139 1181 2308 1254 pallio
2333 1183 2550 1237 astric-
2639 1202 2652 1212 ’

1534 1262 1646 1313 tior
1705 1274 1760 1314 et
1816 1261 2048 1314 brevior.
2099 1292 2171 1302 —-
2211 1268 2324 1314 Iam
2387 1268 2553 1317 lutea

1530 1361 1758 1409 gausapa
1791 1345 1960 1409 captis.
1989 1342 2060 1393 Et
2090 1362 2318 1411 gausapa
2329 1382 2348 1405 ‚
2381 1357 2552 1399 teste.

1535 1423 1786 1475 Varrone
1806 1460 1824 1487 ‚
1865 1434 2037 1477 vestes
2088 1422 2376 1477 Gallorum
2424 1426 2549 1479 vil-

1532 1496 1658 1554 losa}
1676 1540 1692 1567 ,
1717 1503 1897 1555 crocei
1925 1504 2121 1556 coloris
2144 1522 2158 1554 ε
2189 1517 2496 1559 stramenta
2517 1544 2545 1571 ‚

1532 1583 1733 1653 quibus
1753 1594 1992 1635 utuntur
2011 1584 2066 1635 in
2089 1585 2274 1637 castris
2295 1584 2538 1639 milites.

1531 1661 1663 1716 vid.
1686 1680 1806 1733 sup.
1828 1676 1926 1717 sat.
1954 1665 2060 1727 IV,
2081 1684 2136 1717 v.
2161 1665 2250 1735 37.
2287 1665 2354 1717 L.

1591 1750 1694 1814 47.
1728 1746 2050 1813 Essedaque]
2081 1749 2288 1805 Emeda,
2317 1763 2538 1799 currus

1533 1822 1817 1877 Gallorum
1830 1861 1846 1888 ,
1867 1825 2153 1896 Belgarum
2172 1836 2227 1877 ct
2239 1826 2416 1878 Rheni
2437 1828 2538 1879 in-

1530 1904 1774 1957 colarum
1813 1906 2094 1970 vehicula,
2117 1906 2320 1977 quibus
2351 1907 2536 1961 etiam

1529 1985 1830 2039 utebantur
1850 1985 1906 2036 in
1925 1985 2128 2056 praeliis
2151 2006 2164 2036 :
2189 2004 2254 2038 ex
2276 1986 2340 2038 iis
2365 1982 2536 2039 enim

1531 2065 1664 2117 olim
1692 2064 2074 2137 depugnabant
2094 2104 2110 2131 ‚
2143 2080 2231 2130 et,
2265 2066 2532 2121 rotarum

1531 2143 1905 2216 ingruentium
1919 2145 2150 2216 strepitu
2163 2145 2494 2218 impetuque
2507 2186 2530 2213 ,

1532 2226 1775 2279 hostium
1792 2223 2012 2285 ordines
2029 2226 2400 2297 proterebant,
2417 2240 2533 2281 aut

1526 2306 1938 2380 perturbabant.
1961 2307 2115 2378 Virg.
2135 2306 2337 2379 Georg.
2358 2308 2448 2360 III
2475 2328 2492 2360 ε

1528 2394 1700 2442 Bellica
1711 2394 1806 2512 uvel
1835 2394 1968 2440 molli
2002 2395 2166 2442 melius
2201 2395 2318 2442 feret
2348 2395 2524 2442 esseda

1654 2481 1711 2512 co
1748 2482 1795 2512 o.
2389 2469 2446 2511 P.

1528 2551 1941 2615 —Ingentesque
1965 2549 2100 2596 locat
2127 2545 2357 2598 Caesonia
2381 2546 2526 2596 Rhe·

1526 2647 1627 2678 nos.
1647 2626 1887 2683 Caesonia
1908 2645 2048 2680 uxor
2062 2663 2079 2690 ‚
2106 2625 2308 2678 mulier
2324 2624 2524 2698 perdi-

1525 2707 1741 2762 tissimae
1755 2706 2016 2760 libidinis.
2026 2705 2158 2760 Vid.
2169 2708 2204 2759 J
2207 2705 2523 2770 uvenalem,

1524 2799 1616 2840 sat.
1634 2787 1719 2840 VI
1737 2824 1753 2853 ‚
1775 2807 1827 2838 v.
1856 2789 1962 2839 610
1989 2798 2045 2838 et
2070 2786 2520 2854 615.—Ingentes

1523 2871 1728 2919 Rhenos.
1746 2867 2034 2920 Rhenanos
2047 2905 2065 2932 ‚
2087 2867 2267 2919 Rheni
2287 2867 2519 2919 accolas.

1524 2950 1812 3002 Rhenanus
1829 2962 2015 3003 autem
2027 2961 2188 3002 vocat
2203 2966 2343 3020 quos
2356 2946 2534 3002 Suet..

1525 3029 1708 3084 Gallos
1756 3031 1926 3082 fnisse
1969 3029 2044 3082 ait
2083 3047 2097 3078 :
2147 3047 2400 3080 conversus
2438 3032 2522 3080 ad

1522 3131 1692 3164 curam
1724 3111 1988 3178 triumphi,
2007 3124 2198 3178 pra-ter
2226 3111 2436 3176 captivos
2463 3125 2520 3162 ee

1523 3190 1806 3258 transfugas
1825 3192 2087 3248 barbaros,
2108 3191 2365 3238 Gallorum
2384 3205 2515 3254 quo-

1523 3289 1622 3338 que
1638 3272 1999 3337 procerrimum
2040 3286 2316 3336 quemque,
2344 3281 2422 3327 et,
2455 3281 2518 3317 ue

1522 3353 1623 3418 {pse
1660 3351 1860 3401 dicebat
1877 3388 1892 3414 ,
1920 3346 2366 3421 ,ἀξιοτριοὶμῧευτον
2386 3385 2405 3414 ,
2444 3366 2512 3398 ac

1521 3435 1780 3484 nonnullos
1805 3450 1871 3480 ea:
1889 3433 2195 3498 principibus
2226 3431 2342 3498 legit
2362 3443 2415 3480 et
2433 3448 2510 3480 se·

1513 3514 1682 3580 posuit
1702 3515 1777 3562 ad
1788 3529 2041 3579 pompam.
2072 3509 2134 3560 C.

1592 3593 1683 3656 48.
1724 3593 1814 3643 Dite
1850 3594 2032 3660 igitur,
2059 3594 2192 3660 eta]
2232 3589 2348 3642 Diis
2389 3609 2506 3644 ma·

1513 3673 1727 3746 joribus
1741 3711 1760 3737 ‚
1771 3672 2010 3743 ‘Imperii
2034 3669 2299 3743 patronis.
2313 3699 2387 3710 -
2403 3675 2507 3721 Ge-

1517 3757 1700 3821 nioque
1731 3755 1888 3804 ducis.
1934 3751 2212 3823 Caligula.
2248 3749 2354 3802 Per
2394 3749 2505 3803 Ge-

1516 3833 1676 3886 nium
1699 3831 1966 3906 principis
1979 3831 2238 3905 jurabant
2255 3842 2466 3886 veteres
2483 3865 2504 3896 ,

1609 3919 1671 3966 N

431 4028 434 4035 ’
528 4017 590 4063 'V-
617 4017 700 4072 46.
726 4013 908 4083 Captis.
924 4019 1023 4068 Pro
1041 4016 1195 4083 captis
1207 4015 1399 4074 habent
1417 4013 1660 4069 nonnulli
1680 4013 1828 4069 codd.
1849 4013 1997 4066 victis
2010 4031 2028 4064 .·
2046 4023 2096 4066 nt
2115 4012 2259 4080 parvi
2273 4012 2503 4066 interest.
