2775 4619
587 397 674 463 9¹⁸²

1106 369 1188 436 A.
1236 371 1630 438 PERSII
1688 372 2072 440 FLACCI

673 497 978 564 Hesterni
1013 497 1224 585 capite
1256 497 1493 562 induto
1528 497 1790 562 subiere
1828 499 2137 580 Quirites.

671 615 935 703 Tange,
977 615 1202 695 miser,
1227 637 1459 694 venas,
1492 630 1557 678 et
1592 637 1765 702 pone
1799 616 1868 677 in
1906 631 2170 702 pectore
2202 613 2537 697 ἀᾶται-επις

668 729 783 794 Nil
805 730 971 794 calet
993 727 1102 792 hic
1122 752 1137 791 :
1159 751 1578 816 summosque
1600 728 1797 817 pedes
1816 730 2060 820 attinge
2076 779 2095 810 ‚
2121 753 2487 818 manusque
2510 755 2531 812 3

580 924 744 996 vulgo
777 935 856 977 est
894 935 1050 995 porta
1085 923 1282 984 Urbis;
1311 923 1403 976 hie
1434 941 1567 976 vero

579 1018 663 1059 est
676 1008 840 1076 janua
858 1002 1076 1056 domus}
1095 1001 1181 1054 Ad
1199 1004 1399 1054 ostium
1418 1003 1565 1054 enim

579 1084 992 1138 admovebatur·
1011 1083 1271 1144 cadaver,
1304 1084 1471 1134 versis
1506 1083 1565 1135 in

579 1178 797 1237 portam
834 1163 1100 1236 pedibus,
1125 1163 1225 1234 qui
1267 1181 1386 1214 mos
1426 1163 1563 1214 anti-

581 1247 878 1317 quissimus
897 1281 914 1308 ‚
942 1257 1004 1296 ut
1040 1256 1190 1314 patet
1217 1262 1298 1296 ex
1323 1244 1429 1296 boc
1450 1243 1565 1296 Ho-

580 1327 722 1380 meri
747 1327 888 1380 loco.
917 1325 1074 1378 Iliad·
1095 1344 1160 1378 r:

578 1428 759 1477 Κεῖται
779 1422 874 1475 ἀνὰ
895 1425 1122 1493 πρόθυρον
1142 1423 1561 1492 τετραμμένος....

580 1515 760 1566 Etiam
775 1531 925 1565 nunc
943 1526 1112 1566 exstat
1133 1511 1279 1584 apud
1295 1531 1409 1564 nos.
1424 1512 1563 1566 Plin.

579 1596 678 1648 lib.
703 1595 815 1646 VII
835 1635 851 1660 ‚
877 1613 995 1666 cap.
1033 1597 1063 1648 8
1079 1615 1094 1644 :
1115 1596 1212 1643 ritu
1237 1608 1457 1652 naturce,
1480 1613 1564 1643 ca-

573 1679 681 1746 pite
699 1679 942 1727 hominem
959 1679 1100 1746 gaegrni
1122 1695 1222 1728 mos
1246 1690 1316 1724 est
1329 1714 1345 1734 ,
1356 1676 1567 1741 pedibus

575 1753 766 1820 effirri.
779 1755 1140 1805 Istius-autem
1159 1759 1446 1826 πρεθέσεως,
1468 1775 1564 1809 seu

577 1834 952 1886 collocationis
982 1847 1037 1886 et
1057 1836 1413 1906 expositionis
1434 1847 1567 1887 tem-

577 1934 684 1988 pus
710 1915 1016 1986 legitimum
1053 1917 1222 1969 trium
1253 1917 1417 1970 fuisse
1452 1915 1566 1970 die-

581 2014 708 2047 rum
754 1996 935 2047 innuit
984 1995 1135 2048 Plato
1186 1998 1243 2048 in
1290 1997 1405 2048 XII
1459 1998 1560 2068 leg.

580 2077 683 2137 Τὰς
719 2073 778 2129 δὲ
813 2080 1060 2149 πρόθεσεις
1101 2080 1330 2148 πρότερον
1369 2079 1456 2149 μὲν
1492 2079 1559 2146 μὴ

581 2159 875 2228 μακρότερον
913 2159 1078 2229 χρόνον
1129 2154 1266 2210 ἔνδον
1311 2159 1563 2230 γίγνεσθαι

577 2243 663 2309 τοῦ
703 2233 964 2298 δηλοῦντος
999 2239 1082 2290 τόν
1115 2259 1170 2290 τε
1203 2242 1254 2290 αὖ
1285 2244 1563 2302 τεθνεῶτα,

580 2318 664 2370 καὶ
693 2320 774 2370 τὸν
811 2320 960 2379 ὅντως
988 2320 1276 2373 τεθνηκότα.
1307 2320 1394 2375 Εἴη
1423 2314 1477 2370 δ’
1506 2319 1563 2372 ἂν

582 2392 764 2465 σχεδὸν
789 2432 806 2460 ,
841 2401 904 2457 ὡς
949 2407 997 2450 τ·
1045 2398 1323 2469 ἀνθρώπινα,
1343 2438 1360 2464 ‚
1392 2402 1565 2471 μέτρον

507 2508 512 2515 ·
581 2480 764 2545 ἔχουσα
792 2516 809 2540 .,
857 2480 1058 2550 τριταία
1116 2481 1236 2549 πρὸς
1285 2482 1341 2532 τὸ
1396 2484 1569 2551 μνῆμα.

582 2558 776 2627 ἐκφορὰ.
805 2558 869 2609 C.

659 2640 780 2688 106.
807 2640 1090 2689 Hesterni...
1111 2641 1301 2688 subiere
1323 2640 1569 2707 Quirites]

579 2718 819 2771 Patroni·
830 2719 912 2770 sui
944 2719 1211 2771 feretrum
1236 2720 1362 2773 novi
1389 2720 1568 2773 liberti

580 2800 816 2854 subiere.
846 2802 989 2854 Cum
1016 2815 1167 2853 erant
1198 2802 1381 2874 plures
1413 2814 1567 2855 testa·

575 2892 767 2931 mento
780 2881 1124 2945 manumissi,
1145 2882 1343 2952 partim
1359 2883 1571 2933 lec-tum'

579 2960 858 3032 gestabant
871 3000 886 3026 ,
910 2963 1110 3033 partim
1129 2962 1197 3013 ad
1220 2963 1358 3015 latus
1378 2980 1569 3033 proce-

579 3039 813 3103 debant,
841 3058 1028 3093 omnes
1055 3046 1216 3108 eapfee
1237 3035 1438 3102 ιἠἑίιιτο,
1461 3042 1569 3093 hoc

578 3129 659 3168 est
682 3154 698 3181 ‚
733 3116 920 3187 pileati
942 3156 958 3181 ‚
1001 3116 1151 3189 quod
1199 3131 1311 3170 erat
1355 3118 1569 3188 signum

577 3209 1028 3269 receptat-nuper
1067 3199 1351 3250 libertatis.
1391 3200 1582 3254 Inter-.

579 3276 716 3329 dum
737 3290 914 3329 tamen
935 3279 1040 3329 viri
1063 3278 1384 3333 nobilissimi
1406 3279 1569 3330 etiam

578 3358 756 3410 alieno
773 3355 918 3411 lecto
939 3359 1158 3411 funebri
1173 3360 1434 3411 humeros
1450 3358 1572 3409 sub-

577 3436 870 3506 jiciebant3
899 3450 962 3490 ut
989 3452 1139 3510 patet
1168 3458 1236 3490 ex
1262 3440 1384 3490 val.
1418 3440 1567 3491 Max.

580 3516 676 3568 lib.
698 3519 800 3581 IV,
829 3537 944 3589 cap.
972 3538 992 3571 1
1020 3557 1037 3582 ‚
1061 3517 1131 3571 de
1159 3517 1432 3589 Scipionis
1450 3519 1568 3569 Asr.

583 3597 777 3649 sunere
800 3610 854 3649 et
875 3599 1092 3650 aliis.³-——
1105 3601 1330 3648 Hesterni
1351 3600 1574 3662 Quirites.

510 3676 516 3681 ’
580 3676 732 3731 Servi
753 3696 939 3729 recens
959 3678 1209 3730 libertate
1230 3674 1439 3728 donati.
1458 3675 1524 3727 C.

657 3774 776 3827 107.
807 3764 1000 3823 Tange,
1029 3760 1203 3815 miser,
1225 3757 1419 3825 venas]
1454 3758 1574 3808 Jam

587 3839 836 3891 centurio
873 3840 1118 3891 hircosus
1157 3836 1412 3889 adversus
1448 3837 1575 3909 phi·

581 3920 878 3992 losophum
897 3920 1128 3991 insurgit
1142 3956 1159 3981 ‚
1182 3932 1236 3971 et
1255 3919 1358 3970 ait:
1377 3921 1459 3970 Ita
1480 3919 1577 3989 igi-

585 4010 678 4053 tur
717 4017 804 4051 me
853 3996 994 4050 male
1041 4002 1230 4050 sanffm
1270 4009 1324 4049 et
1370 4014 1575 4068 aegrum

1646 917 1932 995 nuncupas
1956 923 1981 973 Ρ
2020 937 2183 996 atque
2201 915 2293 989 ssi
2336 938 2445 978 tuae
2484 944 2649 979 com·
2722 931 2724 938 '

1644 1005 1940 1076 pai-ationis
1968 1019 2205 1058 mentem
2232 1008 2456 1078 penitus
2478 1025 2647 1078 cepe-

1646 1084 1751 1136 rim
1772 1123 1788 1149 ,
1824 1086 2075 1138 insanum
2116 1099 2171 1138 et
2207 1087 2471 1151 stultum,
2506 1087 2643 1160 quia

1632 1162 1755 1218 tuis
1766 1166 2107 1238 'philosophis
2120 1185 2233 1220 non
2252 1185 2461 1220 morem
2476 1165 2643 1239 gero?

1642 1277 1717 1288 --
1728 1253 1911 1314 Tange,
1924 1249 2083 1307 miser,
2096 1267 2272 1306 venas,
2282 1263 2369 1298 etc.
2381 1248 2566 1299 Lubin
2574 1266 2643 1298 us

1644 1327 1759 1378 baec
1788 1328 1853 1379 ab
1876 1327 2217 1380 adolescente
2242 1327 2515 1398 discipulo
2534 1347 2636 1382 vo-

1642 1407 1749 1460 luit
1790 1407 1936 1472 dici,
1968 1407 2061 1462 sed
2096 1421 2245 1461 extra
2281 1427 2498 1462 sensum
2528 1445 2545 1470 ‚
2577 1421 2636 1461 et

1642 1502 1833 1540 contra
1846 1488 2206 1541 ratiocinandi
2226 1489 2384 1560 leges.
2400 1489 2505 1540 Alii
2520 1507 2637 1540 me-

1642 1567 1749 1620 lius
1780 1570 1894 1622 haec
1920 1567 2148 1641 quidem
2180 1571 2247 1622 ab
2282 1567 2477 1622 eodem
2506 1587 2639 1622 cen-

1646 1648 1885 1712 turione,
1908 1646 2002 1701 sed
2029 1649 2182 1720 quasi
2200 1644 2374 1721 poetic
2395 1661 2641 1702 mentem

1645 1746 1758 1780 non
1788 1728 2170 1793 intellexisset,
2194 1742 2249 1782 et
2280 1729 2456 1800 reipsa
2486 1749 2541 1782 se
2568 1729 2639 1780 ab

1646 1828 1711 1861 eo
1739 1827 1971 1880 corpore
2006 1821 2271 1880 aegrotum
2304 1809 2489 1862 vocari
2518 1828 2641 1861 cre·

1646 1887 1891 1941 didisset.
1912 1889 2011 1940 His
2028 1909 2142 1940 non
2162 1889 2451 1942 assentior:
2478 1889 2640 1960 quip-

1642 1985 1715 2038 pe
1726 1985 1839 2020 non
1852 1987 1919 2020 eo
1928 1968 2241 2021 stoliditatis
2252 1987 2348 2022 cen
2356 1969 2541 2021 turion
2548 1988 2639 2021 em

1646 2047 1923 2102 devenisse
1940 2050 2203 2113 arbitror,
2216 2064 2279 2103 ut
2299 2050 2373 2102 ita
2394 2051 2641 2102 aberras-

1644 2145 1739 2183 set.
1752 2130 1901 2182 Eum
1936 2131 2105 2200 igitur
2130 2143 2185 2182 et
2214 2129 2639 2200 comparationis

1642 2227 1869 2281 scopum
1890 2212 2144 2272 sensisse,
2169 2222 2225 2262 et
2250 2209 2493 2263 eamdem
2524 2211 2639 2262 iro-

1648 2291 1769 2343 nice
1821 2292 2280 2363 comparationem
2338 2290 2640 2363 protulisse

1649 2373 1897 2445 conjicio.
1910 2373 2129 2435 At‚vide
2148 2374 2316 2425 totius
2329 2373 2501 2425 satirae
2518 2392 2643 2425 cam

1650 2472 1815 2524 quam
1856 2454 1916 2506 in
1954 2454 2171 2506 duobus
2211 2456 2356 2506 notis
2385 2474 2441 2506 v.
2476 2455 2543 2507 58
2582 2465 2643 2506 et

1612 2581 1619 2591 ,
1650 2554 1717 2605 77
1765 2536 2023 2608 analysim
2068 2533 2343 2587 dedimus.
2378 2538 2641 2586 —Misetu

1648 2615 1752 2667 Hic
1785 2634 1895 2667 non
1932 2616 1989 2668 in
2024 2614 2218 2667 eodem
2239 2654 2256 2679 ‚
2287 2634 2399 2687 quo
2434 2616 2603 2687 vulgo
2622 2654 2641 2681 ,

1648 2716 1807 2749 sensu
1838 2696 2250 2767 accipiendum3
2276 2695 2371 2747 sed
2403 2698 2549 2746 miser
2568 2695 2644 2747 si·

1646 2775 1865 2847 gnificat
1916 2776 2214 2847 pessimum
2254 2812 2271 2839 ‚
2316 2775 2643 2846 impolitum

1647 2856 2079 2927 philosoplnum3
2110 2856 2199 2908 vel
2236 2856 2423 2927 potius
2444 2894 2460 2919 ‚
2490 2855 2641 2909 Gall.

1646 2938 1839 2986 homme
1862 2938 1897 2985 ὰ
1920 2939 2075 2987 cri-sm
2106 2938 2369 2995 chimera,
2396 2948 2463 2987 ut
2492 2950 2645 2989 recte

1648 3015 1813 3069 sensit
1840 3017 2045 3087 interp.
2078 3018 2207 3067 selis.
2236 3017 2387 3067 A·.---
2406 3021 2643 3083 Tange...

1647 3110 2128 3162 venas‚etpone‚etc.
2144 3094 2379 3166 Explora
2396 3095 2651 3165 pulsum,

1650 3180 1867 3247 σφυγμὸν
1898 3177 2107 3229 arteriae
2144 3189 2199 3229 et
2230 3177 2409 3231 cordis
2434 3178 2645 3231 motio-

1648 3276 1798 3309 nem·
1818 3258 2023 3309 Julian·
2038 3258 2099 3309 in
2120 3258 2394 3327 Misopog.
2414 3258 2647 3329 πρόσαγε

1648 3345 1723 3408 τῷ
1746 3340 1897 3408 ςέρνῳ
1924 3338 2012 3394 τὴν
2036 3341 2196 3408 χεῖρα..
2218 3338 2299 3393 ,C-

1727 3430 1847 3482 108.
1876 3434 1964 3481 Nil
1986 3434 2118 3481 calet
2142 3429 2269 3497 lesa]
2304 3426 2649 3483 Immodicas

1648 3510 1729 3561 ibi
1758 3510 2119 3562 calor‘nullus
2145 3523 2228 3562 est
2244 3548 2261 3574 ,
2286 3508 2542 3580 adeoque
2570 3511 2649 3562 fa·

1654 3590 1885 3645 tendum
1922 3610 2011 3643 me
2048 3610 2161 3643 non
2197 3591 2442 3642 laborare
2480 3591 2648 3643 febri.

1652 3678 2055 3738 —Summosque
2073 3673 2237 3737 pedes.
2268 3670 2389 3722 Hoc
2418 3688 2651 3741 quoque

1655 3753 1711 3805 in
1736 3763 1849 3804 arte
1874 3750 2233 3814 medicorum,
2254 3768 2283 3803 e
2307 3768 2657 3801 summarum

1656 3850 1921 3885 manuum
1938 3832 2023 3883 vel
2044 3844 2421 3883 extremorum
2440 3828 2657 3901 pedum

1656 3913 1833 3965 calore
1850 3924 1943 3963 aut
1964 3913 2164 3983 frigore
2179 3910 2457 3986 judicium
2476 3910 2551 3975 de
2562 3930 2653 3963 va-

1656 3992 1902 4049 letudine
1922 3992 2112 4046 facere.

2707 301 2712 394 '1

2709 406 2714 466 1

2714 500 2716 556 ς
