<?xml version="1.0" encoding="UTF-8"?>
<!DOCTYPE html PUBLIC "-//W3C//DTD XHTML 1.0 Transitional//EN"
    "http://www.w3.org/TR/xhtml1/DTD/xhtml1-transitional.dtd">
<html xmlns="http://www.w3.org/1999/xhtml" xml:lang="en" lang="en">
 <head>
  <title>
</title>
<meta http-equiv="Content-Type" content="text/html;charset=utf-8" />
  <meta name='ocr-system' content='tesseract 3.04.00' />
  <meta name='ocr-capabilities' content='ocr_page ocr_carea ocr_par ocr_line ocrx_word'/>
</head>
<body>
  <div class='ocr_page' id='page_1' title='image "aulipersiiflacc00achagoog_0090.png"; bbox 0 0 2775 4619; ppageno 0'>
   <div class='ocr_carea' id='block_1_1' title="bbox 661 367 745 444">
    <p class='ocr_par' dir='ltr' id='par_1_1' title="bbox 661 367 745 444">
     <span class='ocr_line' id='line_1_1' title="bbox 661 367 745 444; baseline 0 -15"><span class='ocrx_word' id='word_1_1' title='bbox 661 367 745 444; x_wconf 73' lang='lat'><strong>46</strong></span> 
     </span>
    </p>
   </div>
   <div class='ocr_carea' id='block_1_2' title="bbox 1098 310 2186 424">
    <p class='ocr_par' dir='ltr' id='par_1_2' title="bbox 1098 310 2186 424">
     <span class='ocr_line' id='line_1_2' title="bbox 1098 310 2186 424; baseline -0.008 0"><span class='ocrx_word' id='word_1_2' title='bbox 1098 310 1103 320; x_wconf 44' lang='lat'><strong><em>¹</em></strong></span> <span class='ocrx_word' id='word_1_3' title='bbox 1165 353 2186 424; x_wconf 75' lang='lat' dir='ltr'><strong>A.PER511FLACCI‚</strong></span> 
     </span>
    </p>
   </div>
   <div class='ocr_carea' id='block_1_3' title="bbox 744 472 2349 568">
    <p class='ocr_par' dir='ltr' id='par_1_3' title="bbox 744 472 2349 568">
     <span class='ocr_line' id='line_1_3' title="bbox 744 472 2349 568; baseline -0.007 -18"><span class='ocrx_word' id='word_1_4' title='bbox 744 488 906 568; x_wconf 84' lang='lat' dir='ltr'><strong>Quae</strong></span> <span class='ocrx_word' id='word_1_5' title='bbox 941 484 1068 548; x_wconf 88' lang='lat' dir='ltr'><strong>nisi</strong></span> <span class='ocrx_word' id='word_1_6' title='bbox 1101 481 1378 546; x_wconf 87' lang='lat' dir='ltr'><strong>seductis</strong></span> <span class='ocrx_word' id='word_1_7' title='bbox 1414 501 1697 566; x_wconf 83' lang='lat' dir='ltr'><strong>nequeas</strong></span> <span class='ocrx_word' id='word_1_8' title='bbox 1730 478 2132 542; x_wconf 82' lang='lat' dir='ltr'><strong>committere</strong></span> <span class='ocrx_word' id='word_1_9' title='bbox 2160 472 2349 539; x_wconf 72' lang='lat' dir='ltr'><strong>divis·</strong></span> 
     </span>
    </p>
   </div>
   <div class='ocr_carea' id='block_1_4' title="bbox 749 591 2322 687">
    <p class='ocr_par' dir='ltr' id='par_1_4' title="bbox 749 591 2322 687">
     <span class='ocr_line' id='line_1_4' title="bbox 749 591 2322 687; baseline -0.01 -19"><span class='ocrx_word' id='word_1_10' title='bbox 749 604 834 670; x_wconf 86' lang='lat' dir='ltr'><strong>At</strong></span> <span class='ocrx_word' id='word_1_11' title='bbox 857 600 1034 664; x_wconf 87' lang='lat' dir='ltr'><strong>bona</strong></span> <span class='ocrx_word' id='word_1_12' title='bbox 1057 619 1204 687; x_wconf 89' lang='lat' dir='ltr'><strong>pars</strong></span> <span class='ocrx_word' id='word_1_13' title='bbox 1231 613 1575 684; x_wconf 90' lang='lat' dir='ltr'><strong>procerum</strong></span> <span class='ocrx_word' id='word_1_14' title='bbox 1610 593 1799 656; x_wconf 70' lang='lat' dir='ltr'><strong>tacita</strong></span> <span class='ocrx_word' id='word_1_15' title='bbox 1822 591 2057 656; x_wconf 82' lang='lat' dir='ltr'>libabit</span> <span class='ocrx_word' id='word_1_16' title='bbox 2082 593 2322 653; x_wconf 72' lang='lat' dir='ltr'><strong>acerra.</strong></span> 
     </span>
    </p>
   </div>
   <div class='ocr_carea' id='block_1_5' title="bbox 661 778 1631 936">
    <p class='ocr_par' dir='ltr' id='par_1_5' title="bbox 661 778 1631 936">
     <span class='ocr_line' id='line_1_5' title="bbox 661 778 1631 848; baseline -0.01 -11"><span class='ocrx_word' id='word_1_17' title='bbox 661 785 779 848; x_wconf 84' lang='lat' dir='ltr'><strong>tri,</strong></span> <span class='ocrx_word' id='word_1_18' title='bbox 822 783 1067 834; x_wconf 84' lang='lat' dir='ltr'><strong>litabant.</strong></span> <span class='ocrx_word' id='word_1_19' title='bbox 1117 779 1306 832; x_wconf 86' lang='lat' dir='ltr'><strong>Horat.</strong></span> <span class='ocrx_word' id='word_1_20' title='bbox 1348 778 1448 830; x_wconf 88' lang='lat' dir='ltr'><strong>lib.</strong></span> <span class='ocrx_word' id='word_1_21' title='bbox 1498 778 1587 829; x_wconf 92' lang='grc' dir='ltr'><strong>ΙΙΙ</strong></span> <span class='ocrx_word' id='word_1_22' title='bbox 1614 814 1631 842; x_wconf 85' lang='grc'>,</span> 
     </span>
     <span class='ocr_line' id='line_1_6' title="bbox 661 865 854 936; baseline -0.021 -18"><span class='ocrx_word' id='word_1_23' title='bbox 661 865 753 918; x_wconf 89' lang='lat' dir='ltr'><strong>od.</strong></span> <span class='ocrx_word' id='word_1_24' title='bbox 784 884 816 936; x_wconf 91' lang='lat'><strong><em>7</em></strong></span> <span class='ocrx_word' id='word_1_25' title='bbox 841 883 854 914; x_wconf 74' lang='lat' dir='ltr'><em>z</em></span> 
     </span>
    </p>
   </div>
   <div class='ocr_carea' id='block_1_6' title="bbox 783 933 1481 1065">
    <p class='ocr_par' dir='ltr' id='par_1_6' title="bbox 783 933 1481 1065">
     <span class='ocr_line' id='line_1_7' title="bbox 905 933 1395 982; baseline -0.008 -1"><span class='ocrx_word' id='word_1_26' title='bbox 905 937 1016 982; x_wconf 79' lang='lat' dir='ltr'><strong>Cras</strong></span> <span class='ocrx_word' id='word_1_27' title='bbox 1039 933 1242 980; x_wconf 84' lang='lat' dir='ltr'><strong>Genium</strong></span> <span class='ocrx_word' id='word_1_28' title='bbox 1263 947 1395 978; x_wconf 88' lang='lat' dir='ltr'><strong>mero</strong></span> 
     </span>
     <span class='ocr_line' id='line_1_8' title="bbox 783 987 1481 1065; baseline -0.007 -12"><span class='ocrx_word' id='word_1_29' title='bbox 783 987 975 1053; x_wconf 63' lang='lat' dir='ltr'><strong>Curalwis</strong></span> <span class='ocrx_word' id='word_1_30' title='bbox 989 1041 1002 1062; x_wconf 92' lang='lat'>,</span> <span class='ocrx_word' id='word_1_31' title='bbox 1027 1017 1074 1050; x_wconf 89' lang='lat' dir='ltr'><strong>et</strong></span> <span class='ocrx_word' id='word_1_32' title='bbox 1095 1020 1242 1065; x_wconf 88' lang='lat' dir='ltr'><strong>porco</strong></span> <span class='ocrx_word' id='word_1_33' title='bbox 1265 1004 1481 1048; x_wconf 74' lang='lat' dir='ltr'><strong>bimestri</strong></span> 
     </span>
    </p>
   </div>
   <div class='ocr_carea' id='block_1_7' title="bbox 783 1074 1517 1138">
    <p class='ocr_par' dir='ltr' id='par_1_7' title="bbox 783 1074 1517 1138">
     <span class='ocr_line' id='line_1_9' title="bbox 783 1074 1517 1138; baseline -0.008 -13"><span class='ocrx_word' id='word_1_34' title='bbox 783 1080 900 1125; x_wconf 86' lang='lat' dir='ltr'><strong>Cum</strong></span> <span class='ocrx_word' id='word_1_35' title='bbox 917 1077 1103 1124; x_wconf 74' lang='lat' dir='ltr'><strong>famulis</strong></span> <span class='ocrx_word' id='word_1_36' title='bbox 1120 1091 1318 1138; x_wconf 82' lang='lat' dir='ltr'><strong>operum</strong></span> <span class='ocrx_word' id='word_1_37' title='bbox 1335 1074 1517 1120; x_wconf 87' lang='lat' dir='ltr'><strong>solutis.</strong></span> 
     </span>
    </p>
   </div>
   <div class='ocr_carea' id='block_1_8' title="bbox 657 1182 1685 2775">
    <p class='ocr_par' dir='ltr' id='par_1_8' title="bbox 657 1182 1685 2775">
     <span class='ocr_line' id='line_1_10' title="bbox 659 1182 1637 1256; baseline -0.008 -18"><span class='ocrx_word' id='word_1_38' title='bbox 659 1186 874 1256; x_wconf 88' lang='lat' dir='ltr'><strong>Cuique</strong></span> <span class='ocrx_word' id='word_1_39' title='bbox 885 1182 1356 1256; x_wconf 79' lang='lat' dir='ltr'><strong>genti,praesertim</strong></span> <span class='ocrx_word' id='word_1_40' title='bbox 1365 1182 1637 1252; x_wconf 68' lang='lat' dir='ltr'><strong>Romanas,</strong></span> 
     </span>
     <span class='ocr_line' id='line_1_11' title="bbox 659 1261 1629 1336; baseline -0.005 -19"><span class='ocrx_word' id='word_1_41' title='bbox 659 1283 881 1336; x_wconf 90' lang='lat' dir='ltr'><strong>quoque</strong></span> <span class='ocrx_word' id='word_1_42' title='bbox 901 1264 1108 1316; x_wconf 86' lang='lat' dir='ltr'><strong>Genius</strong></span> <span class='ocrx_word' id='word_1_43' title='bbox 1126 1274 1237 1314; x_wconf 88' lang='lat' dir='ltr'><strong>erat</strong></span> <span class='ocrx_word' id='word_1_44' title='bbox 1253 1261 1629 1332; x_wconf 85' lang='lat' dir='ltr'><strong>peculiaris,ut</strong></span> 
     </span>
     <span class='ocr_line' id='line_1_12' title="bbox 658 1339 1629 1414; baseline -0.005 -19"><span class='ocrx_word' id='word_1_45' title='bbox 658 1355 808 1414; x_wconf 89' lang='lat' dir='ltr'><strong>patet</strong></span> <span class='ocrx_word' id='word_1_46' title='bbox 835 1361 903 1394; x_wconf 84' lang='lat' dir='ltr'><strong>ex</strong></span> <span class='ocrx_word' id='word_1_47' title='bbox 929 1340 1148 1392; x_wconf 85' lang='lat' dir='ltr'><strong>Numm.</strong></span> <span class='ocrx_word' id='word_1_48' title='bbox 1173 1339 1629 1392; x_wconf 66' lang='lat' dir='ltr'><strong>Constantiniana&gt;</strong></span> 
     </span>
     <span class='ocr_line' id='line_1_13' title="bbox 660 1421 1630 1494; baseline -0.001 -21"><span class='ocrx_word' id='word_1_49' title='bbox 660 1421 872 1474; x_wconf 78' lang='lat' dir='ltr'><strong>familiae</strong></span> <span class='ocrx_word' id='word_1_50' title='bbox 890 1461 906 1486; x_wconf 89' lang='lat'>,</span> <span class='ocrx_word' id='word_1_51' title='bbox 941 1421 1143 1494; x_wconf 85' lang='lat' dir='ltr'><strong>quibus</strong></span> <span class='ocrx_word' id='word_1_52' title='bbox 1180 1439 1248 1472; x_wconf 84' lang='lat' dir='ltr'><strong>ex</strong></span> <span class='ocrx_word' id='word_1_53' title='bbox 1284 1425 1448 1472; x_wconf 84' lang='lat' dir='ltr'><strong>altera</strong></span> <span class='ocrx_word' id='word_1_54' title='bbox 1480 1433 1630 1492; x_wconf 83' lang='lat' dir='ltr'><strong>parte</strong></span> 
     </span>
     <span class='ocr_line' id='line_1_14' title="bbox 657 1499 1637 1573; baseline -0.003 -18"><span class='ocrx_word' id='word_1_55' title='bbox 657 1515 760 1555; x_wconf 81' lang='lat' dir='ltr'><strong>stat</strong></span> <span class='ocrx_word' id='word_1_56' title='bbox 778 1501 1084 1554; x_wconf 87' lang='lat' dir='ltr'><strong>adolescens</strong></span> <span class='ocrx_word' id='word_1_57' title='bbox 1105 1499 1315 1566; x_wconf 83' lang='lat' dir='ltr'><strong>nudus,</strong></span> <span class='ocrx_word' id='word_1_58' title='bbox 1337 1499 1527 1554; x_wconf 68' lang='lat' dir='ltr'><strong>dextra</strong></span> <span class='ocrx_word' id='word_1_59' title='bbox 1542 1520 1637 1573; x_wconf 87' lang='lat' dir='ltr'><strong>pa-</strong></span> 
     </span>
     <span class='ocr_line' id='line_1_15' title="bbox 661 1581 1636 1644; baseline -0.003 -10"><span class='ocrx_word' id='word_1_60' title='bbox 661 1595 831 1634; x_wconf 84' lang='lat' dir='ltr'><strong>teram</strong></span> <span class='ocrx_word' id='word_1_61' title='bbox 873 1595 1056 1634; x_wconf 88' lang='lat' dir='ltr'><strong>tenens</strong></span> <span class='ocrx_word' id='word_1_62' title='bbox 1078 1620 1094 1644; x_wconf 85' lang='lat'>,</span> <span class='ocrx_word' id='word_1_63' title='bbox 1123 1581 1337 1634; x_wconf 72' lang='lat' dir='ltr'><strong>sinistra</strong></span> <span class='ocrx_word' id='word_1_64' title='bbox 1369 1598 1636 1632; x_wconf 89' lang='lat' dir='ltr'><strong>cornuco-</strong></span> 
     </span>
     <span class='ocr_line' id='line_1_16' title="bbox 659 1655 1624 1731; baseline -0.002 -21"><span class='ocrx_word' id='word_1_65' title='bbox 659 1660 838 1731; x_wconf 83' lang='lat' dir='ltr'><strong>piam,</strong></span> <span class='ocrx_word' id='word_1_66' title='bbox 868 1678 993 1712; x_wconf 88' lang='lat' dir='ltr'><strong>cum</strong></span> <span class='ocrx_word' id='word_1_67' title='bbox 1015 1659 1115 1710; x_wconf 72' lang='lat' dir='ltr'><strong>hac</strong></span> <span class='ocrx_word' id='word_1_68' title='bbox 1140 1659 1525 1729; x_wconf 85' lang='lat' dir='ltr'><strong>inscriptione:</strong></span> <span class='ocrx_word' id='word_1_69' title='bbox 1616 1655 1624 1664; x_wconf 73' lang='grc'><strong><em>’</em></strong></span> 
     </span>
     <span class='ocr_line' id='line_1_17' title="bbox 697 1730 1610 1792; baseline -0.002 -2"><span class='ocrx_word' id='word_1_70' title='bbox 697 1755 914 1792; x_wconf 70' lang='lat' dir='ltr'><strong>anno</strong></span> <span class='ocrx_word' id='word_1_71' title='bbox 947 1755 1194 1792; x_wconf 72' lang='lat' dir='ltr'><strong>ror-vm</strong></span> <span class='ocrx_word' id='word_1_72' title='bbox 1231 1755 1464 1790; x_wconf 57' lang='lat' dir='ltr'><strong>nonsit</strong></span> <span class='ocrx_word' id='word_1_73' title='bbox 1480 1730 1610 1790; x_wconf 82' lang='lat' dir='ltr'>1.&#39;A.</span> 
     </span>
     <span class='ocr_line' id='line_1_18' title="bbox 659 1819 1635 1890; baseline -0.001 -19"><span class='ocrx_word' id='word_1_74' title='bbox 659 1852 732 1862; x_wconf 86' lang='lat'><strong>--</strong></span> <span class='ocrx_word' id='word_1_75' title='bbox 745 1825 857 1872; x_wconf 83' lang='lat' dir='ltr'><strong>Non</strong></span> <span class='ocrx_word' id='word_1_76' title='bbox 897 1836 950 1871; x_wconf 83' lang='lat' dir='ltr'><strong>tu</strong></span> <span class='ocrx_word' id='word_1_77' title='bbox 981 1841 1130 1890; x_wconf 79' lang='lat' dir='ltr'><strong>prece</strong></span> <span class='ocrx_word' id='word_1_78' title='bbox 1144 1859 1162 1882; x_wconf 88' lang='lat'><strong><em>,</em></strong></span> <span class='ocrx_word' id='word_1_79' title='bbox 1184 1835 1275 1871; x_wconf 82' lang='lat' dir='ltr'><strong>etc.</strong></span> <span class='ocrx_word' id='word_1_80' title='bbox 1309 1819 1359 1870; x_wconf 93' lang='grc' dir='ltr'>Ο</span> <span class='ocrx_word' id='word_1_81' title='bbox 1396 1819 1635 1871; x_wconf 88' lang='lat' dir='ltr'><strong>Macrine</strong></span> 
     </span>
     <span class='ocr_line' id='line_1_19' title="bbox 660 1897 1637 1974; baseline -0.004 -20"><span class='ocrx_word' id='word_1_82' title='bbox 660 1903 868 1974; x_wconf 89' lang='lat' dir='ltr'><strong>optime</strong></span> <span class='ocrx_word' id='word_1_83' title='bbox 889 1939 906 1967; x_wconf 88' lang='lat'>,</span> <span class='ocrx_word' id='word_1_84' title='bbox 929 1921 1041 1954; x_wconf 90' lang='lat' dir='ltr'><strong>non</strong></span> <span class='ocrx_word' id='word_1_85' title='bbox 1067 1915 1133 1954; x_wconf 84' lang='lat' dir='ltr'><strong>tu</strong></span> <span class='ocrx_word' id='word_1_86' title='bbox 1160 1897 1391 1973; x_wconf 87' lang='lat' dir='ltr'><strong>perinde</strong></span> <span class='ocrx_word' id='word_1_87' title='bbox 1413 1919 1473 1952; x_wconf 88' lang='lat' dir='ltr'><strong>ac</strong></span> <span class='ocrx_word' id='word_1_88' title='bbox 1493 1899 1637 1952; x_wconf 82' lang='lat' dir='ltr'><strong>avari</strong></span> 
     </span>
     <span class='ocr_line' id='line_1_20' title="bbox 659 1982 1637 2054; baseline 0.001 -21"><span class='ocrx_word' id='word_1_89' title='bbox 659 1983 856 2053; x_wconf 86' lang='lat' dir='ltr'><strong>injusta</strong></span> <span class='ocrx_word' id='word_1_90' title='bbox 883 1996 1007 2036; x_wconf 76' lang='lat' dir='ltr'><strong>vota</strong></span> <span class='ocrx_word' id='word_1_91' title='bbox 1043 1982 1159 2034; x_wconf 89' lang='lat' dir='ltr'><strong>Diis</strong></span> <span class='ocrx_word' id='word_1_92' title='bbox 1194 2001 1511 2054; x_wconf 82' lang='lat' dir='ltr'><strong>nuncupas;</strong></span> <span class='ocrx_word' id='word_1_93' title='bbox 1536 2000 1637 2034; x_wconf 88' lang='lat' dir='ltr'><strong>nec</strong></span> 
     </span>
     <span class='ocr_line' id='line_1_21' title="bbox 660 2061 1637 2114; baseline -0.002 0"><span class='ocrx_word' id='word_1_94' title='bbox 660 2063 824 2114; x_wconf 88' lang='lat' dir='ltr'><strong>ullam</strong></span> <span class='ocrx_word' id='word_1_95' title='bbox 840 2081 966 2114; x_wconf 87' lang='lat' dir='ltr'><strong>cum</strong></span> <span class='ocrx_word' id='word_1_96' title='bbox 986 2063 1050 2114; x_wconf 88' lang='lat' dir='ltr'><strong>iis</strong></span> <span class='ocrx_word' id='word_1_97' title='bbox 1062 2061 1515 2114; x_wconf 86' lang='lat' dir='ltr'><strong>nundinationem</strong></span> <span class='ocrx_word' id='word_1_98' title='bbox 1534 2062 1637 2112; x_wconf 88' lang='lat' dir='ltr'><strong>im-</strong></span> 
     </span>
     <span class='ocr_line' id='line_1_22' title="bbox 658 2143 1636 2216; baseline -0.001 -21"><span class='ocrx_word' id='word_1_99' title='bbox 658 2145 806 2216; x_wconf 73' lang='lat' dir='ltr'><strong>piam</strong></span> <span class='ocrx_word' id='word_1_100' title='bbox 819 2143 1261 2196; x_wconf 77' lang='lat' dir='ltr'><strong>exerces.—Prece</strong></span> <span class='ocrx_word' id='word_1_101' title='bbox 1278 2145 1449 2194; x_wconf 74' lang='lat' dir='ltr'><strong>emaci.</strong></span> <span class='ocrx_word' id='word_1_102' title='bbox 1462 2143 1636 2194; x_wconf 88' lang='lat' dir='ltr'><strong>Tech-</strong></span> 
     </span>
     <span class='ocr_line' id='line_1_23' title="bbox 661 2224 1637 2295; baseline -0.001 -19"><span class='ocrx_word' id='word_1_103' title='bbox 661 2226 783 2277; x_wconf 88' lang='lat' dir='ltr'><strong>nica</strong></span> <span class='ocrx_word' id='word_1_104' title='bbox 819 2226 1060 2290; x_wconf 86' lang='lat' dir='ltr'><strong>locutio,</strong></span> <span class='ocrx_word' id='word_1_105' title='bbox 1092 2227 1207 2293; x_wconf 81' lang='grc' dir='ltr'>ἐυχῇ</span> <span class='ocrx_word' id='word_1_106' title='bbox 1246 2227 1517 2295; x_wconf 77' lang='grc' dir='ltr'>ἐμπορικῇ,</span> <span class='ocrx_word' id='word_1_107' title='bbox 1547 2224 1637 2276; x_wconf 89' lang='lat' dir='ltr'><strong>cui</strong></span> 
     </span>
     <span class='ocr_line' id='line_1_24' title="bbox 661 2305 1637 2377; baseline -0.002 -19"><span class='ocrx_word' id='word_1_108' title='bbox 661 2306 966 2377; x_wconf 83' lang='lat' dir='ltr'><strong>opponitur</strong></span> <span class='ocrx_word' id='word_1_109' title='bbox 984 2307 1042 2362; x_wconf 70' lang='grc' dir='ltr'><strong>τὸ</strong></span> <span class='ocrx_word' id='word_1_110' title='bbox 1072 2307 1239 2365; x_wconf 79' lang='grc' dir='ltr'>ἁπλῶς</span> <span class='ocrx_word' id='word_1_111' title='bbox 1263 2305 1346 2357; x_wconf 76' lang='grc' dir='ltr'><strong>καὶ</strong></span> <span class='ocrx_word' id='word_1_112' title='bbox 1369 2305 1637 2375; x_wconf 76' lang='grc' dir='ltr'>ἐλευθερίως</span> 
     </span>
     <span class='ocr_line' id='line_1_25' title="bbox 661 2385 1637 2456; baseline -0.001 -19"><span class='ocrx_word' id='word_1_113' title='bbox 661 2387 914 2455; x_wconf 79' lang='grc' dir='ltr'>εὔχεσθαι,</span> <span class='ocrx_word' id='word_1_114' title='bbox 942 2386 1115 2439; x_wconf 87' lang='lat' dir='ltr'><strong>oratio</strong></span> <span class='ocrx_word' id='word_1_115' title='bbox 1149 2386 1385 2456; x_wconf 78' lang='lat' dir='ltr'><strong>simplex</strong></span> <span class='ocrx_word' id='word_1_116' title='bbox 1419 2398 1472 2436; x_wconf 89' lang='lat' dir='ltr'><strong>et</strong></span> <span class='ocrx_word' id='word_1_117' title='bbox 1499 2385 1637 2437; x_wconf 88' lang='lat' dir='ltr'><strong>libe-</strong></span> 
     </span>
     <span class='ocr_line' id='line_1_26' title="bbox 660 2462 1641 2535; baseline -0.001 -19"><span class='ocrx_word' id='word_1_118' title='bbox 660 2465 802 2517; x_wconf 72' lang='lat' dir='ltr'><strong>ralis.</strong></span> <span class='ocrx_word' id='word_1_119' title='bbox 838 2462 1139 2535; x_wconf 85' lang='lat' dir='ltr'><strong>Impudens</strong></span> <span class='ocrx_word' id='word_1_120' title='bbox 1177 2474 1357 2514; x_wconf 88' lang='lat' dir='ltr'><strong>autem</strong></span> <span class='ocrx_word' id='word_1_121' title='bbox 1391 2475 1443 2515; x_wconf 88' lang='lat' dir='ltr'><strong>et</strong></span> <span class='ocrx_word' id='word_1_122' title='bbox 1474 2462 1641 2533; x_wconf 88' lang='lat' dir='ltr'><strong>impia</strong></span> 
     </span>
     <span class='ocr_line' id='line_1_27' title="bbox 661 2542 1640 2615; baseline -0.002 -18"><span class='ocrx_word' id='word_1_123' title='bbox 661 2557 739 2597; x_wconf 87' lang='lat' dir='ltr'><strong>est</strong></span> <span class='ocrx_word' id='word_1_124' title='bbox 753 2547 850 2596; x_wconf 84' lang='lat' dir='ltr'><strong>ista</strong></span> <span class='ocrx_word' id='word_1_125' title='bbox 865 2563 990 2596; x_wconf 90' lang='lat' dir='ltr'><strong>cum</strong></span> <span class='ocrx_word' id='word_1_126' title='bbox 1001 2544 1118 2595; x_wconf 84' lang='lat' dir='ltr'><strong>Diis</strong></span> <span class='ocrx_word' id='word_1_127' title='bbox 1126 2544 1326 2615; x_wconf 85' lang='lat' dir='ltr'><strong>pactio:</strong></span> <span class='ocrx_word' id='word_1_128' title='bbox 1340 2544 1385 2595; x_wconf 91' lang='lat' dir='ltr'><strong>si</strong></span> <span class='ocrx_word' id='word_1_129' title='bbox 1401 2542 1640 2615; x_wconf 84' lang='lat' dir='ltr'><strong>quidem,</strong></span> 
     </span>
     <span class='ocr_line' id='line_1_28' title="bbox 661 2622 1640 2690; baseline -0.001 -13"><span class='ocrx_word' id='word_1_130' title='bbox 661 2625 766 2677; x_wconf 90' lang='lat' dir='ltr'><strong>hoc</strong></span> <span class='ocrx_word' id='word_1_131' title='bbox 783 2625 870 2677; x_wconf 74' lang='lat' dir='ltr'><strong>vel</strong></span> <span class='ocrx_word' id='word_1_132' title='bbox 889 2622 1028 2676; x_wconf 88' lang='lat' dir='ltr'><strong>illud</strong></span> <span class='ocrx_word' id='word_1_133' title='bbox 1047 2624 1180 2674; x_wconf 91' lang='lat' dir='ltr'><strong>mihi</strong></span> <span class='ocrx_word' id='word_1_134' title='bbox 1201 2624 1503 2690; x_wconf 74' lang='lat' dir='ltr'><strong>largimini,</strong></span> <span class='ocrx_word' id='word_1_135' title='bbox 1525 2625 1640 2677; x_wconf 87' lang='lat' dir='ltr'><strong>haec</strong></span> 
     </span>
     <span class='ocr_line' id='line_1_29' title="bbox 663 2702 1685 2775; baseline -0.002 -19"><span class='ocrx_word' id='word_1_136' title='bbox 663 2718 716 2756; x_wconf 87' lang='lat' dir='ltr'><strong>et</strong></span> <span class='ocrx_word' id='word_1_137' title='bbox 735 2706 825 2755; x_wconf 89' lang='lat' dir='ltr'><strong>illa</strong></span> <span class='ocrx_word' id='word_1_138' title='bbox 843 2702 986 2755; x_wconf 88' lang='lat' dir='ltr'><strong>dona</strong></span> <span class='ocrx_word' id='word_1_139' title='bbox 1007 2702 1299 2775; x_wconf 86' lang='lat' dir='ltr'><strong>rependam</strong></span> <span class='ocrx_word' id='word_1_140' title='bbox 1317 2704 1489 2756; x_wconf 82' lang='lat' dir='ltr'><strong>vobis.</strong></span> <span class='ocrx_word' id='word_1_141' title='bbox 1508 2704 1637 2756; x_wconf 85' lang='lat' dir='ltr'><strong>vid.</strong></span> <span class='ocrx_word' id='word_1_142' title='bbox 1681 2750 1685 2754; x_wconf 89' lang='lat'>.</span> 
     </span>
    </p>
   </div>
   <div class='ocr_carea' id='block_1_9' title="bbox 659 2782 1637 2919">
    <p class='ocr_par' dir='ltr' id='par_1_9' title="bbox 659 2782 1637 2919">
     <span class='ocr_line' id='line_1_30' title="bbox 660 2782 1637 2855; baseline 0.004 -22"><span class='ocrx_word' id='word_1_143' title='bbox 660 2782 799 2833; x_wconf 88' lang='lat' dir='ltr'><strong>Plat.</strong></span> <span class='ocrx_word' id='word_1_144' title='bbox 841 2783 899 2834; x_wconf 91' lang='lat' dir='ltr'><strong>in</strong></span> <span class='ocrx_word' id='word_1_145' title='bbox 944 2782 1303 2855; x_wconf 85' lang='lat' dir='ltr'><strong>Eutyphrone</strong></span> <span class='ocrx_word' id='word_1_146' title='bbox 1326 2804 1342 2850; x_wconf 90' lang='lat'>;</span> <span class='ocrx_word' id='word_1_147' title='bbox 1382 2783 1637 2837; x_wconf 88' lang='lat' dir='ltr'><strong>eumdem</strong></span> 
     </span>
     <span class='ocr_line' id='line_1_31' title="bbox 659 2862 1542 2919; baseline 0.005 -5"><span class='ocrx_word' id='word_1_148' title='bbox 659 2864 720 2915; x_wconf 90' lang='lat' dir='ltr'><strong>in</strong></span> <span class='ocrx_word' id='word_1_149' title='bbox 743 2862 1005 2916; x_wconf 80' lang='lat' dir='ltr'><strong>Alcibiad.</strong></span> <span class='ocrx_word' id='word_1_150' title='bbox 1025 2864 1167 2917; x_wconf 86' lang='lat' dir='ltr'><strong>Dial.</strong></span> <span class='ocrx_word' id='word_1_151' title='bbox 1198 2884 1218 2917; x_wconf 92' lang='lat'>1</span> <span class='ocrx_word' id='word_1_152' title='bbox 1233 2884 1254 2917; x_wconf 93' lang='lat'>1</span> <span class='ocrx_word' id='word_1_153' title='bbox 1269 2906 1284 2917; x_wconf 90' lang='lat'>.</span> <span class='ocrx_word' id='word_1_154' title='bbox 1304 2868 1368 2919; x_wconf 90' lang='lat' dir='ltr'><strong>C.</strong></span> <span class='ocrx_word' id='word_1_155' title='bbox 1400 2878 1455 2919; x_wconf 88' lang='lat' dir='ltr'><strong>et</strong></span> <span class='ocrx_word' id='word_1_156' title='bbox 1479 2866 1542 2918; x_wconf 87' lang='lat' dir='ltr'><strong>P.</strong></span> 
     </span>
    </p>
   </div>
   <div class='ocr_carea' id='block_1_10' title="bbox 2692 593 2729 648">
    <p class='ocr_par' dir='ltr' id='par_1_10' title="bbox 2692 593 2729 648">
     <span class='ocr_line' id='line_1_32' title="bbox 2692 593 2729 648; baseline 0 0"><span class='ocrx_word' id='word_1_157' title='bbox 2692 593 2729 648; x_wconf 79' lang='lat'>5</span> 
     </span>
    </p>
   </div>
   <div class='ocr_carea' id='block_1_11' title="bbox 1706 774 2731 2941">
    <p class='ocr_par' dir='ltr' id='par_1_11' title="bbox 1706 774 2731 2779">
     <span class='ocr_line' id='line_1_33' title="bbox 1786 774 2731 845; baseline -0.004 -18"><span class='ocrx_word' id='word_1_158' title='bbox 1786 782 1837 839; x_wconf 77' lang='grc'><strong>4.</strong></span> <span class='ocrx_word' id='word_1_159' title='bbox 1894 777 2125 827; x_wconf 79' lang='lat' dir='ltr'><strong>Seductis.</strong></span> <span class='ocrx_word' id='word_1_160' title='bbox 2156 775 2175 845; x_wconf 96' lang='lat'>]</span> <span class='ocrx_word' id='word_1_161' title='bbox 2229 774 2397 839; x_wconf 88' lang='lat' dir='ltr'><strong>Quasi</strong></span> <span class='ocrx_word' id='word_1_162' title='bbox 2448 793 2731 826; x_wconf 86' lang='lat' dir='ltr'><strong>seorsum</strong></span> 
     </span>
     <span class='ocr_line' id='line_1_34' title="bbox 1713 855 2729 928; baseline -0.004 -19"><span class='ocrx_word' id='word_1_163' title='bbox 1713 855 1891 909; x_wconf 83' lang='lat' dir='ltr'><strong>ductis</strong></span> <span class='ocrx_word' id='word_1_164' title='bbox 1921 869 1973 908; x_wconf 90' lang='lat' dir='ltr'><strong>et</strong></span> <span class='ocrx_word' id='word_1_165' title='bbox 1996 855 2163 920; x_wconf 87' lang='lat' dir='ltr'><strong>clam,</strong></span> <span class='ocrx_word' id='word_1_166' title='bbox 2190 855 2317 927; x_wconf 89' lang='lat' dir='ltr'><strong>quia</strong></span> <span class='ocrx_word' id='word_1_167' title='bbox 2346 856 2527 927; x_wconf 88' lang='lat' dir='ltr'><strong>palam</strong></span> <span class='ocrx_word' id='word_1_168' title='bbox 2558 859 2729 928; x_wconf 83' lang='lat' dir='ltr'><strong>ejus-</strong></span> 
     </span>
     <span class='ocr_line' id='line_1_35' title="bbox 1711 935 2729 1008; baseline -0.006 -16"><span class='ocrx_word' id='word_1_169' title='bbox 1711 937 1863 992; x_wconf 88' lang='lat' dir='ltr'><strong>modi</strong></span> <span class='ocrx_word' id='word_1_170' title='bbox 1881 951 2005 992; x_wconf 80' lang='lat' dir='ltr'><strong>vota</strong></span> <span class='ocrx_word' id='word_1_171' title='bbox 2026 955 2312 1008; x_wconf 82' lang='lat' dir='ltr'><strong>nunquam</strong></span> <span class='ocrx_word' id='word_1_172' title='bbox 2333 936 2477 988; x_wconf 78' lang='lat' dir='ltr'><strong>fiunt</strong></span> <span class='ocrx_word' id='word_1_173' title='bbox 2501 956 2513 987; x_wconf 75' lang='grc' dir='ltr'>ε</span> <span class='ocrx_word' id='word_1_174' title='bbox 2550 935 2729 987; x_wconf 83' lang='lat' dir='ltr'><strong>unde</strong></span> 
     </span>
     <span class='ocr_line' id='line_1_36' title="bbox 1712 1015 2727 1088; baseline -0.004 -18"><span class='ocrx_word' id='word_1_175' title='bbox 1712 1022 1916 1070; x_wconf 76' lang='lat' dir='ltr'><strong>seductis</strong></span> <span class='ocrx_word' id='word_1_176' title='bbox 1939 1015 2085 1070; x_wconf 88' lang='lat' dir='ltr'><strong>idem</strong></span> <span class='ocrx_word' id='word_1_177' title='bbox 2105 1019 2245 1072; x_wconf 79' lang='lat' dir='ltr'><strong>valet</strong></span> <span class='ocrx_word' id='word_1_178' title='bbox 2274 1016 2425 1088; x_wconf 89' lang='lat' dir='ltr'><strong>quod</strong></span> <span class='ocrx_word' id='word_1_179' title='bbox 2452 1019 2727 1084; x_wconf 78' lang='lat' dir='ltr'><strong>corruptis</strong></span> 
     </span>
     <span class='ocr_line' id='line_1_37' title="bbox 1715 1097 2727 1164; baseline -0.003 -14"><span class='ocrx_word' id='word_1_180' title='bbox 1715 1098 2063 1164; x_wconf 86' lang='lat' dir='ltr'><strong>muneribus;</strong></span> <span class='ocrx_word' id='word_1_181' title='bbox 2083 1117 2209 1149; x_wconf 88' lang='lat' dir='ltr'><strong>nam</strong></span> <span class='ocrx_word' id='word_1_182' title='bbox 2227 1116 2386 1148; x_wconf 88' lang='lat' dir='ltr'><strong>nemo</strong></span> <span class='ocrx_word' id='word_1_183' title='bbox 2400 1135 2415 1160; x_wconf 94' lang='lat'>‚</span> <span class='ocrx_word' id='word_1_184' title='bbox 2432 1097 2541 1148; x_wconf 90' lang='lat' dir='ltr'><strong>nisi</strong></span> <span class='ocrx_word' id='word_1_185' title='bbox 2565 1097 2727 1148; x_wconf 88' lang='lat' dir='ltr'><strong>clam</strong></span> 
     </span>
     <span class='ocr_line' id='line_1_38' title="bbox 1714 1177 2725 1250; baseline -0.005 -18"><span class='ocrx_word' id='word_1_186' title='bbox 1714 1193 1768 1233; x_wconf 89' lang='lat' dir='ltr'><strong>et</strong></span> <span class='ocrx_word' id='word_1_187' title='bbox 1788 1179 1939 1250; x_wconf 81' lang='lat' dir='ltr'><strong>quasi</strong></span> <span class='ocrx_word' id='word_1_188' title='bbox 1957 1197 2195 1231; x_wconf 88' lang='lat' dir='ltr'><strong>seorsum</strong></span> <span class='ocrx_word' id='word_1_189' title='bbox 2214 1177 2430 1242; x_wconf 84' lang='lat' dir='ltr'><strong>ductus,</strong></span> <span class='ocrx_word' id='word_1_190' title='bbox 2448 1196 2725 1229; x_wconf 83' lang='lat' dir='ltr'><strong>corrum-</strong></span> 
     </span>
     <span class='ocr_line' id='line_1_39' title="bbox 1706 1256 2728 1332; baseline -0.005 -21"><span class='ocrx_word' id='word_1_191' title='bbox 1706 1261 1873 1332; x_wconf 83' lang='lat' dir='ltr'><strong>pitur.</strong></span> <span class='ocrx_word' id='word_1_192' title='bbox 1882 1256 2045 1311; x_wconf 90' lang='lat' dir='ltr'><strong>Unde</strong></span> <span class='ocrx_word' id='word_1_193' title='bbox 2058 1257 2304 1310; x_wconf 88' lang='lat' dir='ltr'><strong>eruditus</strong></span> <span class='ocrx_word' id='word_1_194' title='bbox 2318 1259 2478 1308; x_wconf 83' lang='lat' dir='ltr'><strong>abbas</strong></span> <span class='ocrx_word' id='word_1_195' title='bbox 2491 1263 2728 1308; x_wconf 82' lang='lat' dir='ltr'><strong>Lemon-</strong></span> 
     </span>
     <span class='ocr_line' id='line_1_40' title="bbox 1708 1339 2727 1410; baseline -0.003 -19"><span class='ocrx_word' id='word_1_196' title='bbox 1708 1345 1833 1401; x_wconf 70' lang='grc' dir='ltr'><strong>πίεν,</strong></span> <span class='ocrx_word' id='word_1_197' title='bbox 1842 1341 1901 1392; x_wconf 89' lang='lat' dir='ltr'><strong>in</strong></span> <span class='ocrx_word' id='word_1_198' title='bbox 1914 1359 2007 1392; x_wconf 85' lang='lat' dir='ltr'><strong>sua</strong></span> <span class='ocrx_word' id='word_1_199' title='bbox 2016 1340 2463 1410; x_wconf 86' lang='lat' dir='ltr'><strong>interpretatione</strong></span> <span class='ocrx_word' id='word_1_200' title='bbox 2472 1339 2727 1400; x_wconf 81' lang='lat' dir='ltr'><strong>Gallica,</strong></span> 
     </span>
     <span class='ocr_line' id='line_1_41' title="bbox 1711 1420 2727 1488; baseline -0.005 -15"><span class='ocrx_word' id='word_1_201' title='bbox 1711 1420 1924 1475; x_wconf 75' lang='lat' dir='ltr'><strong>dixerat</strong></span> <span class='ocrx_word' id='word_1_202' title='bbox 1950 1442 1963 1472; x_wconf 74' lang='lat' dir='ltr'><strong><em>z</em></strong></span> <span class='ocrx_word' id='word_1_203' title='bbox 1998 1424 2149 1488; x_wconf 79' lang='lat' dir='ltr'><strong>qu&#39;on</strong></span> <span class='ocrx_word' id='word_1_204' title='bbox 2178 1423 2411 1471; x_wconf 82' lang='lat' dir='ltr'><strong>n&#39;oserait</strong></span> <span class='ocrx_word' id='word_1_205' title='bbox 2426 1424 2727 1472; x_wconf 64' lang='lat' dir='ltr'><strong>densanda·</strong></span> 
     </span>
     <span class='ocr_line' id='line_1_42' title="bbox 1714 1502 2727 1567; baseline -0.002 -15"><span class='ocrx_word' id='word_1_206' title='bbox 1714 1521 1821 1552; x_wconf 69' lang='lat' dir='ltr'><strong>aua·</strong></span> <span class='ocrx_word' id='word_1_207' title='bbox 1846 1504 2013 1552; x_wconf 75' lang='lat' dir='ltr'><strong>Dieuae</strong></span> <span class='ocrx_word' id='word_1_208' title='bbox 2026 1539 2043 1560; x_wconf 92' lang='lat'>,</span> <span class='ocrx_word' id='word_1_209' title='bbox 2068 1502 2296 1567; x_wconf 69' lang='lat' dir='ltr'><strong>qu&#39;apres</strong></span> <span class='ocrx_word' id='word_1_210' title='bbox 2326 1505 2392 1552; x_wconf 77' lang='lat' dir='ltr'><strong>les</strong></span> <span class='ocrx_word' id='word_1_211' title='bbox 2420 1504 2571 1552; x_wconf 74' lang='lat' dir='ltr'><strong>avoir</strong></span> <span class='ocrx_word' id='word_1_212' title='bbox 2598 1502 2727 1550; x_wconf 60' lang='lat' dir='ltr'><strong>ciris</strong></span> 
     </span>
     <span class='ocr_line' id='line_1_43' title="bbox 1714 1584 2723 1653; baseline -0.003 -19"><span class='ocrx_word' id='word_1_213' title='bbox 1714 1587 1749 1634; x_wconf 86' lang='grc' dir='ltr'><em>ὰ</em></span> <span class='ocrx_word' id='word_1_214' title='bbox 1782 1585 1987 1643; x_wconf 78' lang='grc' dir='ltr'><strong>Ι’έσαι·ε,·</strong></span> <span class='ocrx_word' id='word_1_215' title='bbox 2015 1596 2101 1646; x_wconf 84' lang='lat' dir='ltr'><strong>at,</strong></span> <span class='ocrx_word' id='word_1_216' title='bbox 2137 1601 2239 1653; x_wconf 83' lang='lat' dir='ltr'><strong>pro</strong></span> <span class='ocrx_word' id='word_1_217' title='bbox 2272 1585 2389 1636; x_wconf 56' lang='grc' dir='ltr'><strong>εἰν-ές</strong></span> <span class='ocrx_word' id='word_1_218' title='bbox 2424 1586 2457 1634; x_wconf 83' lang='grc' dir='ltr'><em>ὰ</em></span> <span class='ocrx_word' id='word_1_219' title='bbox 2488 1584 2723 1642; x_wconf 79' lang='lat' dir='ltr'><strong>I&#39;e&#39;cart,</strong></span> 
     </span>
     <span class='ocr_line' id='line_1_44' title="bbox 1714 1663 2722 1734; baseline -0.001 -20"><span class='ocrx_word' id='word_1_220' title='bbox 1714 1664 1959 1734; x_wconf 84' lang='lat' dir='ltr'><strong>reposuit</strong></span> <span class='ocrx_word' id='word_1_221' title='bbox 1976 1667 2216 1724; x_wconf 76' lang='lat' dir='ltr'><strong>Diderot,</strong></span> <span class='ocrx_word' id='word_1_222' title='bbox 2241 1665 2449 1723; x_wconf 62' lang='lat' dir='ltr'><strong>sedum,-</strong></span> <span class='ocrx_word' id='word_1_223' title='bbox 2474 1676 2538 1715; x_wconf 86' lang='lat' dir='ltr'><strong>et</strong></span> <span class='ocrx_word' id='word_1_224' title='bbox 2562 1663 2722 1714; x_wconf 84' lang='lat' dir='ltr'><strong>infra</strong></span> 
     </span>
     <span class='ocr_line' id='line_1_45' title="bbox 1714 1741 2721 1815; baseline -0.001 -21"><span class='ocrx_word' id='word_1_225' title='bbox 1714 1741 1925 1796; x_wconf 85' lang='lat' dir='ltr'><strong>addidit</strong></span> <span class='ocrx_word' id='word_1_226' title='bbox 1960 1763 1973 1794; x_wconf 72' lang='grc' dir='ltr'>ε</span> <span class='ocrx_word' id='word_1_227' title='bbox 2017 1742 2261 1815; x_wconf 67' lang='lat' dir='ltr'><strong>J’iucliue</strong></span> <span class='ocrx_word' id='word_1_228' title='bbox 2308 1762 2455 1813; x_wconf 82' lang='lat' dir='ltr'><strong>pour</strong></span> <span class='ocrx_word' id='word_1_229' title='bbox 2500 1745 2721 1793; x_wconf 55' lang='lat' dir='ltr'><strong>siduits.</strong></span> 
     </span>
     <span class='ocr_line' id='line_1_46' title="bbox 1715 1824 2718 1896; baseline -0.003 -20"><span class='ocrx_word' id='word_1_230' title='bbox 1715 1824 1863 1876; x_wconf 85' lang='lat' dir='ltr'><strong>Pour</strong></span> <span class='ocrx_word' id='word_1_231' title='bbox 1886 1843 2147 1896; x_wconf 83' lang='lat' dir='ltr'><strong>proposer</strong></span> <span class='ocrx_word' id='word_1_232' title='bbox 2170 1843 2249 1876; x_wconf 91' lang='lat' dir='ltr'><strong>un</strong></span> <span class='ocrx_word' id='word_1_233' title='bbox 2270 1824 2439 1894; x_wconf 89' lang='lat' dir='ltr'><strong>pareil</strong></span> <span class='ocrx_word' id='word_1_234' title='bbox 2458 1825 2718 1892; x_wconf 74' lang='lat' dir='ltr'><strong>echange</strong></span> 
     </span>
     <span class='ocr_line' id='line_1_47' title="bbox 1714 1904 2723 1967; baseline -0.003 -9"><span class='ocrx_word' id='word_1_235' title='bbox 1714 1924 1821 1960; x_wconf 81' lang='lat' dir='ltr'><strong>aux</strong></span> <span class='ocrx_word' id='word_1_236' title='bbox 1854 1908 2064 1967; x_wconf 67' lang='lat' dir='ltr'><strong>Dicat,</strong></span> <span class='ocrx_word' id='word_1_237' title='bbox 2092 1906 2132 1958; x_wconf 85' lang='lat' dir='ltr'><strong>il</strong></span> <span class='ocrx_word' id='word_1_238' title='bbox 2168 1904 2401 1958; x_wconf 83' lang='lat' dir='ltr'><strong>faudrait</strong></span> <span class='ocrx_word' id='word_1_239' title='bbox 2438 1905 2519 1957; x_wconf 81' lang='lat' dir='ltr'><strong>les</strong></span> <span class='ocrx_word' id='word_1_240' title='bbox 2558 1905 2723 1957; x_wconf 79' lang='lat' dir='ltr'><strong>avoir</strong></span> 
     </span>
     <span class='ocr_line' id='line_1_48' title="bbox 1716 1985 2720 2059; baseline -0.005 -19"><span class='ocrx_word' id='word_1_241' title='bbox 1716 2006 2037 2059; x_wconf 84' lang='lat' dir='ltr'><strong>corrompus</strong></span> <span class='ocrx_word' id='word_1_242' title='bbox 2066 2025 2084 2049; x_wconf 85' lang='lat'>‚</span> <span class='ocrx_word' id='word_1_243' title='bbox 2120 1985 2325 2040; x_wconf 72' lang='lat' dir='ltr'><strong>seduits</strong></span> <span class='ocrx_word' id='word_1_244' title='bbox 2376 2005 2477 2058; x_wconf 85' lang='lat' dir='ltr'><strong>par</strong></span> <span class='ocrx_word' id='word_1_245' title='bbox 2524 1986 2583 2037; x_wconf 89' lang='lat' dir='ltr'><strong>le</strong></span> <span class='ocrx_word' id='word_1_246' title='bbox 2636 2004 2720 2036; x_wconf 82' lang='lat' dir='ltr'><strong>sa-</strong></span> 
     </span>
     <span class='ocr_line' id='line_1_49' title="bbox 1715 2065 2720 2135; baseline -0.004 -16"><span class='ocrx_word' id='word_1_247' title='bbox 1715 2066 1895 2122; x_wconf 80' lang='lat' dir='ltr'><strong>crifice</strong></span> <span class='ocrx_word' id='word_1_248' title='bbox 1907 2103 1927 2132; x_wconf 82' lang='grc'>,</span> <span class='ocrx_word' id='word_1_249' title='bbox 1946 2086 2157 2120; x_wconf 89' lang='lat' dir='ltr'><strong>comme</strong></span> <span class='ocrx_word' id='word_1_250' title='bbox 2169 2086 2242 2120; x_wconf 85' lang='lat' dir='ltr'><strong>on</strong></span> <span class='ocrx_word' id='word_1_251' title='bbox 2262 2065 2439 2120; x_wconf 69' lang='lat' dir='ltr'><strong>seduit</strong></span> <span class='ocrx_word' id='word_1_252' title='bbox 2458 2067 2541 2118; x_wconf 85' lang='lat' dir='ltr'><strong>les</strong></span> <span class='ocrx_word' id='word_1_253' title='bbox 2550 2069 2720 2135; x_wconf 82' lang='lat' dir='ltr'><strong>juges</strong></span> 
     </span>
     <span class='ocr_line' id='line_1_50' title="bbox 1715 2146 2719 2220; baseline -0.005 -19"><span class='ocrx_word' id='word_1_254' title='bbox 1715 2167 1814 2220; x_wconf 84' lang='lat' dir='ltr'><strong>par</strong></span> <span class='ocrx_word' id='word_1_255' title='bbox 1828 2146 1922 2202; x_wconf 86' lang='lat' dir='ltr'><strong>des</strong></span> <span class='ocrx_word' id='word_1_256' title='bbox 1935 2151 2197 2219; x_wconf 74' lang='lat' dir='ltr'><strong>presents.</strong></span> <span class='ocrx_word' id='word_1_257' title='bbox 2212 2147 2393 2218; x_wconf 76' lang='lat' dir='ltr'><strong>Hujus</strong></span> <span class='ocrx_word' id='word_1_258' title='bbox 2406 2146 2719 2217; x_wconf 82' lang='lat' dir='ltr'><strong>explicatio</strong></span> 
     </span>
     <span class='ocr_line' id='line_1_51' title="bbox 1715 2227 2714 2284; baseline -0.003 -4"><span class='ocrx_word' id='word_1_259' title='bbox 1715 2241 1957 2282; x_wconf 84' lang='lat' dir='ltr'><strong>nostram</strong></span> <span class='ocrx_word' id='word_1_260' title='bbox 1970 2247 2085 2282; x_wconf 87' lang='lat' dir='ltr'><strong>non</strong></span> <span class='ocrx_word' id='word_1_261' title='bbox 2100 2227 2341 2284; x_wconf 80' lang='lat' dir='ltr'><strong>infirmat</strong></span> <span class='ocrx_word' id='word_1_262' title='bbox 2360 2248 2372 2280; x_wconf 78' lang='lat' dir='ltr'><strong><em>z</em></strong></span> <span class='ocrx_word' id='word_1_263' title='bbox 2393 2246 2525 2280; x_wconf 86' lang='lat' dir='ltr'><strong>nam</strong></span> <span class='ocrx_word' id='word_1_264' title='bbox 2540 2245 2714 2278; x_wconf 84' lang='lat' dir='ltr'><strong>nemo</strong></span> 
     </span>
     <span class='ocr_line' id='line_1_52' title="bbox 1716 2307 2713 2383; baseline -0.003 -22"><span class='ocrx_word' id='word_1_265' title='bbox 1716 2308 1883 2363; x_wconf 86' lang='lat' dir='ltr'><strong>alium</strong></span> <span class='ocrx_word' id='word_1_266' title='bbox 1902 2327 2251 2383; x_wconf 82' lang='lat' dir='ltr'><strong>corrumpere</strong></span> <span class='ocrx_word' id='word_1_267' title='bbox 2276 2320 2457 2380; x_wconf 84' lang='lat' dir='ltr'><strong>potest</strong></span> <span class='ocrx_word' id='word_1_268' title='bbox 2486 2307 2680 2379; x_wconf 84' lang='lat' dir='ltr'><strong>palam</strong></span> <span class='ocrx_word' id='word_1_269' title='bbox 2696 2346 2713 2371; x_wconf 88' lang='lat'><strong>‚</strong></span> 
     </span>
     <span class='ocr_line' id='line_1_53' title="bbox 1717 2388 2715 2459; baseline -0.003 -18"><span class='ocrx_word' id='word_1_270' title='bbox 1717 2408 1896 2444; x_wconf 86' lang='lat' dir='ltr'><strong>coram</strong></span> <span class='ocrx_word' id='word_1_271' title='bbox 1916 2390 2139 2443; x_wconf 75' lang='lat' dir='ltr'><strong>testibus</strong></span> <span class='ocrx_word' id='word_1_272' title='bbox 2156 2390 2283 2455; x_wconf 84' lang='lat' dir='ltr'><strong>;sed</strong></span> <span class='ocrx_word' id='word_1_273' title='bbox 2302 2391 2463 2452; x_wconf 77' lang='lat' dir='ltr'><strong>clam,</strong></span> <span class='ocrx_word' id='word_1_274' title='bbox 2478 2400 2537 2441; x_wconf 81' lang='lat' dir='ltr'><strong>et</strong></span> <span class='ocrx_word' id='word_1_275' title='bbox 2554 2388 2715 2459; x_wconf 86' lang='lat' dir='ltr'><strong>quasi</strong></span> 
     </span>
     <span class='ocr_line' id='line_1_54' title="bbox 1720 2464 2715 2531; baseline -0.004 -12"><span class='ocrx_word' id='word_1_276' title='bbox 1720 2484 1966 2519; x_wconf 84' lang='lat' dir='ltr'><strong>seorsum</strong></span> <span class='ocrx_word' id='word_1_277' title='bbox 1984 2485 2111 2519; x_wconf 88' lang='lat' dir='ltr'><strong>eum</strong></span> <span class='ocrx_word' id='word_1_278' title='bbox 2132 2468 2325 2531; x_wconf 84' lang='lat' dir='ltr'><strong>trahit,</strong></span> <span class='ocrx_word' id='word_1_279' title='bbox 2346 2469 2485 2517; x_wconf 72' lang='lat' dir='ltr'><strong>ducit</strong></span> <span class='ocrx_word' id='word_1_280' title='bbox 2500 2464 2573 2517; x_wconf 85' lang='lat' dir='ltr'><strong>ad</strong></span> <span class='ocrx_word' id='word_1_281' title='bbox 2596 2484 2715 2517; x_wconf 83' lang='lat' dir='ltr'><strong>cor·</strong></span> 
     </span>
     <span class='ocr_line' id='line_1_55' title="bbox 1718 2544 2713 2617; baseline -0.002 -20"><span class='ocrx_word' id='word_1_282' title='bbox 1718 2544 2126 2617; x_wconf 76' lang='lat' dir='ltr'><strong>rumpendum3</strong></span> <span class='ocrx_word' id='word_1_283' title='bbox 2156 2545 2305 2599; x_wconf 81' lang='lat' dir='ltr'><strong>unde</strong></span> <span class='ocrx_word' id='word_1_284' title='bbox 2330 2546 2713 2616; x_wconf 84' lang='lat' dir='ltr'><strong>metaphorice</strong></span> 
     </span>
     <span class='ocr_line' id='line_1_56' title="bbox 1718 2625 2711 2682; baseline -0.001 -5"><span class='ocrx_word' id='word_1_285' title='bbox 1718 2630 1919 2677; x_wconf 80' lang='lat' dir='ltr'><strong>seducit:</strong></span> <span class='ocrx_word' id='word_1_286' title='bbox 1929 2627 2070 2682; x_wconf 79' lang='lat' dir='ltr'><strong>bene</strong></span> <span class='ocrx_word' id='word_1_287' title='bbox 2080 2639 2264 2681; x_wconf 83' lang='lat' dir='ltr'><strong>autem</strong></span> <span class='ocrx_word' id='word_1_288' title='bbox 2279 2625 2489 2679; x_wconf 85' lang='lat' dir='ltr'><strong>dicitur</strong></span> <span class='ocrx_word' id='word_1_289' title='bbox 2500 2625 2711 2677; x_wconf 79' lang='lat' dir='ltr'><strong>Gallice</strong></span> 
     </span>
     <span class='ocr_line' id='line_1_57' title="bbox 1716 2709 2616 2779; baseline -0.002 -20"><span class='ocrx_word' id='word_1_290' title='bbox 1716 2710 1876 2759; x_wconf 61' lang='lat' dir='ltr'><strong>sedule</strong></span> <span class='ocrx_word' id='word_1_291' title='bbox 1898 2710 2063 2761; x_wconf 87' lang='lat' dir='ltr'><strong>homo</strong></span> <span class='ocrx_word' id='word_1_292' title='bbox 2090 2709 2167 2763; x_wconf 82' lang='lat' dir='ltr'><strong>ita</strong></span> <span class='ocrx_word' id='word_1_293' title='bbox 2194 2720 2509 2779; x_wconf 84' lang='lat' dir='ltr'><strong>corruptus.</strong></span> <span class='ocrx_word' id='word_1_294' title='bbox 2544 2710 2616 2759; x_wconf 78' lang='lat' dir='ltr'><strong>A.</strong></span> 
     </span>
    </p>

    <p class='ocr_par' dir='ltr' id='par_1_12' title="bbox 1714 2782 2711 2941">
     <span class='ocr_line' id='line_1_58' title="bbox 1791 2782 2710 2857; baseline -0.004 -18"><span class='ocrx_word' id='word_1_295' title='bbox 1791 2788 1843 2845; x_wconf 80' lang='grc'><strong>5.</strong></span> <span class='ocrx_word' id='word_1_296' title='bbox 1876 2788 2047 2841; x_wconf 56' lang='lat' dir='ltr'><strong>Tacita</strong></span> <span class='ocrx_word' id='word_1_297' title='bbox 2065 2792 2244 2839; x_wconf 76' lang='lat' dir='ltr'><strong>libabit</strong></span> <span class='ocrx_word' id='word_1_298' title='bbox 2259 2782 2481 2857; x_wconf 43' lang='lat' dir='ltr'><strong>acciri]</strong></span> <span class='ocrx_word' id='word_1_299' title='bbox 2512 2792 2710 2837; x_wconf 82' lang='lat' dir='ltr'><strong>Acerra</strong></span> 
     </span>
     <span class='ocr_line' id='line_1_59' title="bbox 1714 2866 2711 2941; baseline -0.003 -19"><span class='ocrx_word' id='word_1_300' title='bbox 1714 2887 1803 2922; x_wconf 80' lang='lat' dir='ltr'><strong>vas</strong></span> <span class='ocrx_word' id='word_1_301' title='bbox 1834 2870 2007 2923; x_wconf 86' lang='lat' dir='ltr'><strong>est.in.</strong></span> <span class='ocrx_word' id='word_1_302' title='bbox 2036 2888 2151 2941; x_wconf 86' lang='lat' dir='ltr'><strong>quo</strong></span> <span class='ocrx_word' id='word_1_303' title='bbox 2178 2870 2307 2921; x_wconf 76' lang='lat' dir='ltr'><strong>thus</strong></span> <span class='ocrx_word' id='word_1_304' title='bbox 2338 2866 2408 2921; x_wconf 79' lang='lat' dir='ltr'><strong>ad</strong></span> <span class='ocrx_word' id='word_1_305' title='bbox 2438 2866 2711 2919; x_wconf 84' lang='lat' dir='ltr'><strong>olendum</strong></span> 
     </span>
    </p>
   </div>
   <div class='ocr_carea' id='block_1_12' title="bbox 730 3036 2711 3104">
    <p class='ocr_par' dir='ltr' id='par_1_13' title="bbox 730 3036 2711 3104">
     <span class='ocr_line' id='line_1_60' title="bbox 730 3036 2711 3104; baseline 0.002 -21"><span class='ocrx_word' id='word_1_306' title='bbox 730 3038 795 3083; x_wconf 83' lang='lat' dir='ltr'><strong>V.</strong></span> <span class='ocrx_word' id='word_1_307' title='bbox 826 3037 873 3084; x_wconf 82' lang='lat'><strong>6.</strong></span> <span class='ocrx_word' id='word_1_308' title='bbox 901 3036 1108 3087; x_wconf 76' lang='lat' dir='ltr'><strong>libabit.</strong></span> <span class='ocrx_word' id='word_1_309' title='bbox 1133 3060 1156 3083; x_wconf 75' lang='grc' dir='ltr'>ι</span> <span class='ocrx_word' id='word_1_310' title='bbox 1175 3038 1441 3102; x_wconf 73' lang='lat' dir='ltr'><strong>Pei-peram</strong></span> <span class='ocrx_word' id='word_1_311' title='bbox 1456 3073 1473 3096; x_wconf 89' lang='lat'>‚</span> <span class='ocrx_word' id='word_1_312' title='bbox 1500 3040 1670 3104; x_wconf 86' lang='lat' dir='ltr'><strong>inquit</strong></span> <span class='ocrx_word' id='word_1_313' title='bbox 1702 3039 2061 3099; x_wconf 68' lang='lat' dir='ltr'><strong>Caunbonns,</strong></span> <span class='ocrx_word' id='word_1_314' title='bbox 2080 3040 2167 3089; x_wconf 75' lang='lat' dir='ltr'><strong>alii</strong></span> <span class='ocrx_word' id='word_1_315' title='bbox 2194 3039 2345 3099; x_wconf 81' lang='lat' dir='ltr'><strong>libri,</strong></span> <span class='ocrx_word' id='word_1_316' title='bbox 2368 3038 2539 3088; x_wconf 72' lang='lat' dir='ltr'><strong>libavit</strong></span> <span class='ocrx_word' id='word_1_317' title='bbox 2547 3057 2575 3097; x_wconf 75' lang='lat'><strong>‚0</strong></span> <span class='ocrx_word' id='word_1_318' title='bbox 2602 3056 2711 3089; x_wconf 86' lang='lat' dir='ltr'><strong>non</strong></span> 
     </span>
    </p>
   </div>
   <div class='ocr_carea' id='block_1_13' title="bbox 662 3116 2708 3800">
    <p class='ocr_par' dir='ltr' id='par_1_14' title="bbox 662 3116 2708 3800">
     <span class='ocr_line' id='line_1_61' title="bbox 666 3116 2708 3185; baseline 0.004 -24"><span class='ocrx_word' id='word_1_319' title='bbox 666 3137 687 3156; x_wconf 78' lang='grc' dir='ltr'>ι</span> <span class='ocrx_word' id='word_1_320' title='bbox 712 3116 846 3162; x_wconf 89' lang='lat' dir='ltr'><strong>enim</strong></span> <span class='ocrx_word' id='word_1_321' title='bbox 872 3116 943 3163; x_wconf 88' lang='lat' dir='ltr'><strong>sic</strong></span> <span class='ocrx_word' id='word_1_322' title='bbox 967 3118 1136 3164; x_wconf 84' lang='lat' dir='ltr'><strong>Latini</strong></span> <span class='ocrx_word' id='word_1_323' title='bbox 1159 3118 1445 3182; x_wconf 83' lang='lat' dir='ltr'><strong>loquuntur</strong></span> <span class='ocrx_word' id='word_1_324' title='bbox 1458 3154 1473 3178; x_wconf 94' lang='lat'>,</span> <span class='ocrx_word' id='word_1_325' title='bbox 1494 3135 1674 3166; x_wconf 78' lang='lat' dir='ltr'><strong>verum</strong></span> <span class='ocrx_word' id='word_1_326' title='bbox 1696 3120 1877 3169; x_wconf 73' lang='lat' dir='ltr'><strong>Graeci.</strong></span> <span class='ocrx_word' id='word_1_327' title='bbox 1899 3121 2178 3172; x_wconf 67' lang='lat' dir='ltr'><strong>Menander</strong></span> <span class='ocrx_word' id='word_1_328' title='bbox 2198 3120 2339 3185; x_wconf 80' lang='lat' dir='ltr'><strong>apud</strong></span> <span class='ocrx_word' id='word_1_329' title='bbox 2356 3118 2675 3169; x_wconf 73' lang='lat' dir='ltr'><strong>Athenaeum</strong></span> <span class='ocrx_word' id='word_1_330' title='bbox 2695 3136 2708 3164; x_wconf 85' lang='lat'><strong>··</strong></span> 
     </span>
     <span class='ocr_line' id='line_1_62' title="bbox 667 3192 2706 3271; baseline 0.002 -27"><span class='ocrx_word' id='word_1_331' title='bbox 667 3221 688 3240; x_wconf 73' lang='grc' dir='ltr'>ι</span> <span class='ocrx_word' id='word_1_332' title='bbox 711 3192 779 3245; x_wconf 81' lang='grc' dir='ltr'><strong>τὰ</strong></span> <span class='ocrx_word' id='word_1_333' title='bbox 815 3199 1205 3265; x_wconf 73' lang='grc' dir='ltr'><strong>κεκαρυκευμένα</strong></span> <span class='ocrx_word' id='word_1_334' title='bbox 1249 3200 1430 3265; x_wconf 64' lang='grc' dir='ltr'>μῶλον</span> <span class='ocrx_word' id='word_1_335' title='bbox 1476 3192 1815 3270; x_wconf 72' lang='grc' dir='ltr'>προσεδέξατο</span> <span class='ocrx_word' id='word_1_336' title='bbox 1838 3234 1853 3257; x_wconf 85' lang='grc'><em>,</em></span> <span class='ocrx_word' id='word_1_337' title='bbox 1890 3201 1945 3249; x_wconf 82' lang='lat' dir='ltr'><strong>id</strong></span> <span class='ocrx_word' id='word_1_338' title='bbox 1984 3212 2089 3261; x_wconf 77' lang='lat' dir='ltr'><strong>est,</strong></span> <span class='ocrx_word' id='word_1_339' title='bbox 2130 3195 2497 3271; x_wconf 67' lang='grc' dir='ltr'><strong>προσδέχεσθαι</strong></span> <span class='ocrx_word' id='word_1_340' title='bbox 2538 3200 2706 3267; x_wconf 69' lang='grc' dir='ltr'>φιλεῖς</span> 
     </span>
     <span class='ocr_line' id='line_1_63' title="bbox 662 3276 2703 3349; baseline 0.001 -27"><span class='ocrx_word' id='word_1_341' title='bbox 662 3298 682 3318; x_wconf 76' lang='grc' dir='ltr'>ι</span> <span class='ocrx_word' id='word_1_342' title='bbox 701 3276 931 3340; x_wconf 87' lang='lat' dir='ltr'><strong>loquitur</strong></span> <span class='ocrx_word' id='word_1_343' title='bbox 952 3280 1088 3325; x_wconf 88' lang='lat' dir='ltr'><strong>enim</strong></span> <span class='ocrx_word' id='word_1_344' title='bbox 1115 3279 1177 3326; x_wconf 89' lang='lat' dir='ltr'><strong>de</strong></span> <span class='ocrx_word' id='word_1_345' title='bbox 1203 3281 1463 3349; x_wconf 64' lang='lat' dir='ltr'><strong>communi</strong></span> <span class='ocrx_word' id='word_1_346' title='bbox 1491 3298 1644 3328; x_wconf 87' lang='lat' dir='ltr'><strong>more.</strong></span> <span class='ocrx_word' id='word_1_347' title='bbox 1665 3281 1967 3331; x_wconf 72' lang='lat' dir='ltr'><strong>Plutarchus</strong></span> <span class='ocrx_word' id='word_1_348' title='bbox 1992 3282 2051 3331; x_wconf 80' lang='lat' dir='ltr'><strong>in</strong></span> <span class='ocrx_word' id='word_1_349' title='bbox 2070 3282 2333 3348; x_wconf 64' lang='lat' dir='ltr'><strong>praecptis</strong></span> <span class='ocrx_word' id='word_1_350' title='bbox 2351 3280 2703 3344; x_wconf 76' lang='lat' dir='ltr'><strong>nuptialibus:</strong></span> 
     </span>
     <span class='ocr_line' id='line_1_64' title="bbox 668 3350 2701 3432; baseline 0.003 -30"><span class='ocrx_word' id='word_1_351' title='bbox 668 3381 690 3401; x_wconf 68' lang='grc' dir='ltr'>ι</span> <span class='ocrx_word' id='word_1_352' title='bbox 716 3356 757 3406; x_wconf 79' lang='grc' dir='ltr'><strong>οἱ</strong></span> <span class='ocrx_word' id='word_1_353' title='bbox 786 3362 848 3423; x_wconf 77' lang='grc' dir='ltr'><strong>τῇ</strong></span> <span class='ocrx_word' id='word_1_354' title='bbox 877 3357 1100 3425; x_wconf 64' lang='grc' dir='ltr'>γαμηλίᾳ</span> <span class='ocrx_word' id='word_1_355' title='bbox 1135 3359 1325 3418; x_wconf 77' lang='grc' dir='ltr'>θύοντες</span> <span class='ocrx_word' id='word_1_356' title='bbox 1361 3350 1497 3429; x_wconf 58' lang='lat' dir='ltr'><strong>Hpq,</strong></span> <span class='ocrx_word' id='word_1_357' title='bbox 1526 3360 1801 3427; x_wconf 72' lang='grc' dir='ltr'><strong>τὴν.χολῆν</strong></span> <span class='ocrx_word' id='word_1_358' title='bbox 1844 3363 1898 3412; x_wconf 77' lang='grc' dir='ltr'><strong>οὗ</strong></span> <span class='ocrx_word' id='word_1_359' title='bbox 1937 3362 2349 3432; x_wconf 62' lang='grc' dir='ltr'><strong>συγκαθαγίζουσι</strong></span> <span class='ocrx_word' id='word_1_360' title='bbox 2392 3362 2494 3418; x_wconf 76' lang='grc' dir='ltr'>τοῖς</span> <span class='ocrx_word' id='word_1_361' title='bbox 2536 3360 2701 3418; x_wconf 70' lang='grc' dir='ltr'>ἄλλοις</span> 
     </span>
     <span class='ocr_line' id='line_1_65' title="bbox 669 3435 2701 3511; baseline 0.001 -24"><span class='ocrx_word' id='word_1_362' title='bbox 669 3462 690 3481; x_wconf 77' lang='grc' dir='ltr'>ι</span> <span class='ocrx_word' id='word_1_363' title='bbox 712 3436 851 3504; x_wconf 75' lang='grc' dir='ltr'>ἱεροῖς</span> <span class='ocrx_word' id='word_1_364' title='bbox 870 3476 882 3498; x_wconf 87' lang='grc'><strong>,</strong></span> <span class='ocrx_word' id='word_1_365' title='bbox 911 3435 1018 3487; x_wconf 81' lang='grc' dir='ltr'>ἀλλ’</span> <span class='ocrx_word' id='word_1_366' title='bbox 1043 3436 1281 3498; x_wconf 73' lang='grc' dir='ltr'>ἐξελόντες</span> <span class='ocrx_word' id='word_1_367' title='bbox 1307 3438 1498 3509; x_wconf 76' lang='grc' dir='ltr'><strong>ἔῤῥιψαν</strong></span> <span class='ocrx_word' id='word_1_368' title='bbox 1522 3440 1643 3510; x_wconf 73' lang='grc' dir='ltr'>περὶ·</span> <span class='ocrx_word' id='word_1_369' title='bbox 1662 3442 1743 3491; x_wconf 80' lang='grc' dir='ltr'><strong>τὸν</strong></span> <span class='ocrx_word' id='word_1_370' title='bbox 1779 3442 1943 3511; x_wconf 81' lang='grc' dir='ltr'><strong>βωμόν</strong></span> <span class='ocrx_word' id='word_1_371' title='bbox 1960 3479 1978 3505; x_wconf 86' lang='grc'><em>,</em></span> <span class='ocrx_word' id='word_1_372' title='bbox 2006 3440 2107 3493; x_wconf 77' lang='lat' dir='ltr'><strong>hoc</strong></span> <span class='ocrx_word' id='word_1_373' title='bbox 2134 3452 2241 3501; x_wconf 80' lang='lat' dir='ltr'><strong>est,</strong></span> <span class='ocrx_word' id='word_1_374' title='bbox 2266 3441 2449 3511; x_wconf 73' lang='grc' dir='ltr'>ῥίπτειν</span> <span class='ocrx_word' id='word_1_375' title='bbox 2480 3438 2701 3491; x_wconf 72' lang='grc' dir='ltr'>εἰώθασι.</span> 
     </span>
     <span class='ocr_line' id='line_1_66' title="bbox 664 3519 2703 3584; baseline 0.001 -19"><span class='ocrx_word' id='word_1_376' title='bbox 664 3540 685 3559; x_wconf 77' lang='grc' dir='ltr'>ι</span> <span class='ocrx_word' id='word_1_377' title='bbox 708 3519 789 3565; x_wconf 87' lang='lat' dir='ltr'><strong>Sic</strong></span> <span class='ocrx_word' id='word_1_378' title='bbox 817 3520 1072 3567; x_wconf 83' lang='lat' dir='ltr'><strong>Homerus</strong></span> <span class='ocrx_word' id='word_1_379' title='bbox 1097 3530 1147 3567; x_wconf 89' lang='lat' dir='ltr'><strong>et</strong></span> <span class='ocrx_word' id='word_1_380' title='bbox 1173 3520 1261 3567; x_wconf 85' lang='lat' dir='ltr'><strong>alii</strong></span> <span class='ocrx_word' id='word_1_381' title='bbox 1285 3522 1473 3583; x_wconf 63' lang='lat' dir='ltr'><strong>poetae,</strong></span> <span class='ocrx_word' id='word_1_382' title='bbox 1496 3521 1639 3584; x_wconf 79' lang='lat' dir='ltr'><strong>quod</strong></span> <span class='ocrx_word' id='word_1_383' title='bbox 1664 3521 1789 3571; x_wconf 82' lang='lat' dir='ltr'><strong>alibi</strong></span> <span class='ocrx_word' id='word_1_384' title='bbox 1813 3522 2119 3571; x_wconf 72' lang='lat' dir='ltr'><strong>notabamus</strong></span> <span class='ocrx_word' id='word_1_385' title='bbox 2136 3540 2151 3570; x_wconf 75' lang='grc' dir='ltr'><strong><em>ι</em></strong></span> <span class='ocrx_word' id='word_1_386' title='bbox 2174 3532 2227 3570; x_wconf 75' lang='lat' dir='ltr'><strong>st</strong></span> <span class='ocrx_word' id='word_1_387' title='bbox 2250 3520 2447 3571; x_wconf 72' lang='lat' dir='ltr'><strong>Hebroei</strong></span> <span class='ocrx_word' id='word_1_388' title='bbox 2466 3532 2519 3570; x_wconf 80' lang='lat' dir='ltr'><strong>et</strong></span> <span class='ocrx_word' id='word_1_389' title='bbox 2534 3522 2703 3571; x_wconf 82' lang='lat' dir='ltr'><strong>Latini</strong></span> 
     </span>
     <span class='ocr_line' id='line_1_67' title="bbox 665 3599 1737 3663; baseline 0.005 -17"><span class='ocrx_word' id='word_1_390' title='bbox 665 3621 686 3641; x_wconf 75' lang='grc' dir='ltr'>ι</span> <span class='ocrx_word' id='word_1_391' title='bbox 705 3599 986 3663; x_wconf 71' lang='lat' dir='ltr'><strong>plurimum</strong></span> <span class='ocrx_word' id='word_1_392' title='bbox 1009 3600 1182 3649; x_wconf 84' lang='lat' dir='ltr'><strong>futuro</strong></span> <span class='ocrx_word' id='word_1_393' title='bbox 1208 3612 1441 3651; x_wconf 84' lang='lat' dir='ltr'><strong>utuntur.</strong></span> <span class='ocrx_word' id='word_1_394' title='bbox 1468 3604 1737 3651; x_wconf 73' lang='lat' dir='ltr'><strong>Horatius:</strong></span> 
     </span>
     <span class='ocr_line' id='line_1_68' title="bbox 1251 3686 2085 3750; baseline 0.004 -17"><span class='ocrx_word' id='word_1_395' title='bbox 1251 3689 1362 3733; x_wconf 79' lang='lat' dir='ltr'><strong>Non</strong></span> <span class='ocrx_word' id='word_1_396' title='bbox 1383 3686 1463 3735; x_wconf 81' lang='lat' dir='ltr'><strong>hie</strong></span> <span class='ocrx_word' id='word_1_397' title='bbox 1486 3689 1709 3749; x_wconf 83' lang='lat' dir='ltr'><strong>cuiquam</strong></span> <span class='ocrx_word' id='word_1_398' title='bbox 1730 3698 1895 3750; x_wconf 70' lang='lat' dir='ltr'><strong>parcet</strong></span> <span class='ocrx_word' id='word_1_399' title='bbox 1916 3690 2085 3736; x_wconf 74' lang='lat' dir='ltr'><strong>amico.</strong></span> 
     </span>
     <span class='ocr_line' id='line_1_69' title="bbox 668 3750 998 3800; baseline -0.003 0"><span class='ocrx_word' id='word_1_400' title='bbox 668 3773 689 3793; x_wconf 70' lang='lat' dir='ltr'>e</span> <span class='ocrx_word' id='word_1_401' title='bbox 711 3752 742 3800; x_wconf 84' lang='lat' dir='ltr'>J</span> <span class='ocrx_word' id='word_1_402' title='bbox 745 3750 968 3799; x_wconf 84' lang='lat' dir='ltr'><strong>uvenalis</strong></span> <span class='ocrx_word' id='word_1_403' title='bbox 987 3769 998 3799; x_wconf 92' lang='lat'>:</span> 
     </span>
    </p>
   </div>
   <div class='ocr_carea' id='block_1_14' title="bbox 1036 3818 2282 3957">
    <p class='ocr_par' dir='ltr' id='par_1_15' title="bbox 1036 3818 2282 3957">
     <span class='ocr_line' id='line_1_70' title="bbox 1037 3818 2263 3885; baseline 0.003 -21"><span class='ocrx_word' id='word_1_404' title='bbox 1037 3818 1120 3864; x_wconf 86' lang='lat' dir='ltr'><strong>Nil</strong></span> <span class='ocrx_word' id='word_1_405' title='bbox 1141 3820 1338 3865; x_wconf 79' lang='lat' dir='ltr'><strong>vetitum</strong></span> <span class='ocrx_word' id='word_1_406' title='bbox 1357 3819 1524 3866; x_wconf 84' lang='lat' dir='ltr'><strong>fecisse</strong></span> <span class='ocrx_word' id='word_1_407' title='bbox 1540 3823 1670 3869; x_wconf 69' lang='lat' dir='ltr'><strong>volet</strong></span> <span class='ocrx_word' id='word_1_408' title='bbox 1687 3855 1701 3879; x_wconf 92' lang='lat'>,</span> <span class='ocrx_word' id='word_1_409' title='bbox 1728 3838 1869 3885; x_wconf 87' lang='lat' dir='ltr'><strong>quem</strong></span> <span class='ocrx_word' id='word_1_410' title='bbox 1886 3840 1985 3869; x_wconf 85' lang='lat' dir='ltr'><strong>non</strong></span> <span class='ocrx_word' id='word_1_411' title='bbox 2006 3824 2154 3885; x_wconf 79' lang='lat' dir='ltr'><strong>pudet</strong></span> <span class='ocrx_word' id='word_1_412' title='bbox 2170 3825 2263 3869; x_wconf 88' lang='lat' dir='ltr'><strong>alto</strong></span> 
     </span>
     <span class='ocr_line' id='line_1_71' title="bbox 1036 3892 2282 3957; baseline 0.004 -20"><span class='ocrx_word' id='word_1_413' title='bbox 1036 3894 1126 3937; x_wconf 83' lang='lat' dir='ltr'><strong>Per</strong></span> <span class='ocrx_word' id='word_1_414' title='bbox 1143 3892 1339 3953; x_wconf 86' lang='lat' dir='ltr'><strong>glaciem</strong></span> <span class='ocrx_word' id='word_1_415' title='bbox 1356 3905 1537 3954; x_wconf 68' lang='lat' dir='ltr'><strong>perone</strong></span> <span class='ocrx_word' id='word_1_416' title='bbox 1560 3897 1675 3957; x_wconf 83' lang='lat' dir='ltr'><strong>tegi.</strong></span> <span class='ocrx_word' id='word_1_417' title='bbox 1713 3932 1723 3941; x_wconf 93' lang='lat'><strong>.</strong></span> <span class='ocrx_word' id='word_1_418' title='bbox 1764 3932 1773 3943; x_wconf 90' lang='lat'><strong><em>.</em></strong></span> <span class='ocrx_word' id='word_1_419' title='bbox 1810 3922 1827 3944; x_wconf 81' lang='lat'><strong>.-</strong></span> <span class='ocrx_word' id='word_1_420' title='bbox 1862 3929 2223 3944; x_wconf 88' lang='grc'><strong>........</strong></span> <span class='ocrx_word' id='word_1_421' title='bbox 2260 3916 2282 3937; x_wconf 77' lang='lat'><strong>¹·</strong></span> 
     </span>
    </p>
   </div>
   <div class='ocr_carea' id='block_1_15' title="bbox 666 3973 2694 4117">
    <p class='ocr_par' dir='ltr' id='par_1_16' title="bbox 666 3973 2694 4117">
     <span class='ocr_line' id='line_1_72' title="bbox 666 3973 2694 4041; baseline 0.002 -19"><span class='ocrx_word' id='word_1_422' title='bbox 666 3976 779 4024; x_wconf 77' lang='lat' dir='ltr'><strong>Vct.</strong></span> <span class='ocrx_word' id='word_1_423' title='bbox 803 3974 960 4023; x_wconf 81' lang='lat' dir='ltr'><strong>schol.</strong></span> <span class='ocrx_word' id='word_1_424' title='bbox 985 3974 1155 4023; x_wconf 81' lang='lat' dir='ltr'><strong>libavit</strong></span> <span class='ocrx_word' id='word_1_425' title='bbox 1165 3992 1186 4032; x_wconf 91' lang='lat'><em>;</em></span> <span class='ocrx_word' id='word_1_426' title='bbox 1213 3976 1282 4021; x_wconf 88' lang='lat' dir='ltr'><strong>ita</strong></span> <span class='ocrx_word' id='word_1_427' title='bbox 1311 3973 1425 4024; x_wconf 86' lang='lat' dir='ltr'><strong>eod.</strong></span> <span class='ocrx_word' id='word_1_428' title='bbox 1454 3976 1682 4041; x_wconf 82' lang='lat' dir='ltr'><strong>Pithoei‚</strong></span> <span class='ocrx_word' id='word_1_429' title='bbox 1708 3976 1769 4029; x_wconf 84' lang='lat' dir='ltr'><strong>u⁰</strong></span> <span class='ocrx_word' id='word_1_430' title='bbox 1796 3980 1961 4041; x_wconf 66' lang='lat'><strong>8245,</strong></span> <span class='ocrx_word' id='word_1_431' title='bbox 1989 3980 2099 4029; x_wconf 80' lang='lat' dir='ltr'><strong>cod.</strong></span> <span class='ocrx_word' id='word_1_432' title='bbox 2126 3980 2441 4029; x_wconf 79' lang='lat' dir='ltr'><strong>Mazarineus</strong></span> <span class='ocrx_word' id='word_1_433' title='bbox 2458 4014 2473 4041; x_wconf 90' lang='lat'><em>,</em></span> <span class='ocrx_word' id='word_1_434' title='bbox 2495 3978 2694 4028; x_wconf 71' lang='lat' dir='ltr'><strong>Putean-</strong></span> 
     </span>
     <span class='ocr_line' id='line_1_73' title="bbox 668 4056 1583 4117; baseline 0.002 -15"><span class='ocrx_word' id='word_1_435' title='bbox 668 4056 836 4103; x_wconf 86' lang='lat' dir='ltr'><strong>minus</strong></span> <span class='ocrx_word' id='word_1_436' title='bbox 859 4057 1003 4105; x_wconf 85' lang='lat' dir='ltr'><strong>bene.</strong></span> <span class='ocrx_word' id='word_1_437' title='bbox 1033 4056 1154 4108; x_wconf 87' lang='lat' dir='ltr'><strong>cod.</strong></span> <span class='ocrx_word' id='word_1_438' title='bbox 1181 4068 1371 4117; x_wconf 81' lang='lat' dir='ltr'><strong>noster,</strong></span> <span class='ocrx_word' id='word_1_439' title='bbox 1401 4059 1583 4108; x_wconf 77' lang='lat' dir='ltr'><strong>libabit.</strong></span> 
     </span>
    </p>
   </div>
  </div>
 </body>
</html>
