2775 4619
863 595 1356 690 SATIRA
1418 607 1528 694 V.
1610 559 1613 564 ’

777 817 948 863 ·Λ])
1007 819 1553 875 ΟΟΒΝΠΤΠΜ.

257 969 668 1088 erums
696 1022 804 1086 hic
829 1045 972 1088 mos
997 1040 1128 1108 est,
1153 1043 1420 1096 centum
1446 1032 1573 1097 sibi
1598 1038 1867 1125 poscere
1888 1067 2073 1112 voces
2093 1097 2112 1130 ,

255 1137 542 1200 Centum
567 1159 718 1219 ora,
745 1154 812 1202 et
836 1139 1090 1230 linguas
1117 1158 1344 1230 optare
1372 1147 1444 1211 in
1474 1153 1765 1218 carmina
1792 1175 2091 1246 centurn3

256 1250 514 1316 Fabula
543 1274 660 1320 seu
691 1269 922 1324 moesto
949 1271 1236 1344 ponatur
1269 1257 1512 1328 hianda
1551 1268 1872 1356 tragoedo,

255 1365 551 1432 Vulnera
582 1391 700 1432 seu
725 1367 949 1433 Parthi
973 1368 1272 1437 ducentis
1297 1374 1382 1438 ab
1410 1375 1684 1467 inguine
1706 1383 1969 1470 sermm.

241 1579 296 1614 1.
343 1564 548 1612 Vatibus
573 1561 655 1612 hio
685 1581 788 1613 mos
819 1561 940 1634 est.]
971 1561 1154 1616 Poetis

169 1643 435 1696 nimirum
455 1643 624 1716 epicis
642 1682 659 1710 ‚
684 1645 822 1722 quin
843 1657 898 1697 et
920 1647 1149 1698 oratori·

167 1722 274 1774 bus
301 1720 586 1774 interdum
621 1725 682 1774 ea
716 1721 894 1794 figura
923 1723 1007 1774 uti
1033 1741 1150 1775 mos

169 1817 280 1872 θεῖς
315 1805 435 1858 scil.
462 1826 666 1873 poscere
699 1821 894 1858 centum
925 1809 1149 1876 linguas,

167 1905 278 1946 ora,
296 1900 386 1936 ete.
403 1886 619 1961 quoties
636 1884 845 1958 grande
865 1885 1153 1958 quidpiam

167 1978 260 2017 aut
302 1964 545 2032 arduum
581 1967 779 2019 volunt
819 1967 1147 2040 exprimere.

167 2047 394 2100 Homer.
425 2045 579 2099 Iliad.
609 2047 668 2099 II
692 2067 706 2098 ε
895 2043 900 2048 ’

164 2135 294 2191 Οὐδ’
317 2140 364 2192 εἴ
389 2159 473 2210 μοι
495 2135 626 2191 δέκα
653 2139 749 2211 ,μὲν
776 2146 1001 2211 γλῶσσαι
1017 2179 1036 2208 ,
1060 2137 1148 2194 δέ·

243 2239 312 2271 κα.
345 2214 406 2272 δὲ
436 2220 623 2289 ς-όμοιτ’
649 2215 764 2274 εἷεν.

164 2297 328 2351 Hunc
363 2312 586 2355 secutus
626 2299 851 2373 Hostius
893 2299 1150 2373 quidam,

161 2384 326 2450 poeta
353 2378 542 2451 epicus
558 2417 575 2443 ,
599 2379 694 2431 lib.
713 2380 844 2433 belli
863 2381 1042 2435 Istrici
1061 2384 1150 2450 (ut

163 2460 333 2513 refert
364 2460 610 2513 Macrob.
647 2460 865 2515 Saturn.
899 2463 999 2515 lib.
1030 2464 1111 2517 VI
1129 2500 1147 2529 ,

162 2559 276 2613 cap.
298 2540 407 2611 3),
433 2540 510 2593 sic
535 2542 702 2596 habet
724 2562 738 2595 ε

161 2664 518 2679 ........
551 2636 662 2680 Non
683 2636 724 2680 si
744 2636 860 2683 mihi
881 2637 1051 2700 linguae

158 2706 358 2753 eentum
375 2714 519 2766 atque
537 2721 619 2751 ora
635 2707 755 2755 sient
772 2707 969 2757 totidem
983 2725 1146 2757 voces-

284 2790 380 2837 que
402 2775 606 2837 liquatae.

157 2852 351 2907 Postea
393 2854 592 2927 virgil.
649 2854 899 2931 Georgic.
947 2858 1008 2909 11
1033 2895 1050 2923 ,
1090 2858 1161 2914 et'

157 2932 389 2988 Aeneid.
415 2934 498 2986 VI
513 2974 530 3001 ‚
553 2936 708 2990 hune
735 2936 996 2991 eumdem
1019 2958 1144 2995 ver-

157 3034 280 3067 sum
308 3014 511 3068 habet:

150 3106 267 3152 Non
285 3106 428 3159 mihi,
449 3109 490 3155 si
507 3094 694 3155 centum
709 3106 878 3171 lingum
901 3109 1018 3166 sint,
1039 3126 1146 3157 ora·

282 3194 380 3239 que
404 3188 610 3226 centum.

159 3264 271 3318 Hos
303 3266 398 3319 alii
427 3267 631 3339 passim
664 3266 862 3321 imitati
891 3280 1053 3333 sunt,
1079 3281 1144 3322 ut

157 3346 254 3398 Sil.
285 3346 464 3401 Italic.
499 3346 598 3399 lib.
628 3348 737 3413 lv,
767 3348 1056 3403 Claudian.
1085 3350 1144 3401 in

157 3428 468 3501 panegyric.
483 3427 726 3480 Probini.
742 3428 830 3481 Sic
849 3430 1009 3483 etiam
1029 3448 1147 3482 ora-

159 3520 303 3560 tores
335 3546 352 3571 ,
393 3520 458 3561 ut
502 3509 882 3573 Quintilianus
907 3548 923 3575 ‚
966 3510 1144 3563 decla-

160 3590 416 3667 manyt,
439 3604 494 3643 et
515 3590 572 3643 S.
595 3590 914 3669 Hieronym.
942 3592 999 3644 in
1026 3592 1142 3663 epi·

160 3672 304 3741 taph.
324 3670 505 3724 Paulae
525 3691 538 3724 e
563 3671 782 3725 Persius
801 3692 933 3725 vero
955 3672 1140 3738 aliter,

160 3760 380 3801 centum
409 3748 513 3801 sibi
543 3750 718 3819 poscit
746 3749 988 3821 linguas,
1015 3768 1142 3802 cen-

161 3841 280 3881 tum
304 3848 466 3883 voces
489 3867 507 3894 ‚
539 3842 604 3882 ut
645 3830 742 3903 qui
786 3831 1052 3903 imparem
1085 3850 1141 3883 se

1235 1567 1434 1621 sentiat
1461 1573 1831 1644 exprimendis
1854 1583 1969 1638 suis
1993 1585 2050 1640 in
2078 1585 2214 1643 Cor·

1233 1659 1435 1701 nutum
1498 1655 1815 1726 magistrum
1872 1663 2163 1723 affectibus
2194 1711 2216 1734 ‚

1231 1732 1536 1800 mutuaque
1559 1738 1655 1788 sua
1674 1738 1878 1794 scilicet
1903 1755 1957 1801 et
1983 1747 2220 1805 Cornuti

1230 1807 1465 1862 amicitia
1493 1813 1812 1870 celebranda
1838 1839 1853 1872 ε
1885 1841 2049 1894 quem
2078 1827 2215 1883 Cor·

1231 1900 1404 1941 nutus
1448 1891 1889 1966 interpellatione
1936 1905 2171 1977 impedit
2194 1949 2213 1976 ‚

1232 1971 1319 2040 cuj
1326 1988 1389 2022 us
1408 1987 1711 2030 sermonem
1729 1994 1913 2050 postea
1924 1987 2040 2056 (19)
2050 1997 2217 2060 poeta

1232 2051 1530 2122 excipiens,
1541 2055 1599 2108 in
1615 2055 1807 2112 eodem
1820 2081 1984 2119 sensu
1997 2067 2217 2124 inchoa·

1232 2141 1343 2181 tam
1367 2131 1597 2187 absolvit
1614 2141 1959 2198 sententiam.
1979 2146 2037 2198 C.
2057 2161 2113 2201 et
2134 2149 2197 2203 P.

1303 2209 1356 2263 3.
1391 2217 1583 2265 Fabula
1612 2236 1695 2268 seu
1725 2235 1914 2285 moesto,
1946 2231 2061 2298 eea]
2084 2229 2214 2286 Sive

1228 2290 1785 2370 tragoediamaliquam
1795 2303 2219 2382 scribant‚qua1n

1227 2388 1417 2447 postea
1431 2375 1787 2435 histrionibus
1806 2400 1937 2439 sunt
1956 2390 2216 2447 tradituri

1228 2458 1431 2509 acturis
1455 2457 1603 2511 illam
1630 2460 1688 2513 in
1716 2480 1892 2517 scena.
1912 2475 2212 2525 —Fabula.

1228 2536 1423 2589 Omnis
1446 2538 1587 2592 fictae
1608 2542 1687 2595 rei
1710 2582 1726 2609 ,
1749 2558 1913 2619 atque
1934 2552 2091 2603 etiam
2114 2555 2213 2607 ali·-

1229 2618 1454 2689 quando
1478 2639 1619 2673 verae
1633 2658 1649 2685 ‚
1670 2628 1929 2681 narratio.
1952 2630 2095 2685 Vide
2114 2634 2147 2685 J
2151 2652 2214 2685 u·

1225 2719 1355 2753 ven.
1387 2713 1485 2753 sat.
1508 2701 1535 2753 1
1558 2740 1573 2763 ‚
1597 2722 1649 2754 v.
1688 2705 1785 2767 145
1806 2745 1822 2772 ‚
1848 2722 1904 2761 et
1930 2710 2079 2764 alibi.
2107 2712 2213 2768 Hic

1224 2796 1328 2851 pro
1359 2777 1616 2851 tragoedia
1638 2783 1889 2837 sumitur.
1904 2792 2210 2844 —Hianda.

1225 2861 1385 2913 Μάλα
1439 2862 1691 2931 ἐμπαθῶς.
1736 2864 1890 2911 Hiar-e
1905 2900 1921 2925 ‚
1958 2875 2038 2916 est
2080 2885 2213 2920 cum

1223 2939 1601 3004 vehementia,
1638 2940 1842 3013 tragico
1884 2960 2210 3017 argumento

1226 3020 1607 3084 conveniente,
1621 3023 2209 3095 pronuntiare—Mm-

1225 3118 1289 3153 το.
1308 3101 1427 3156 Hoc
1440 3104 1673 3157 verbum
1692 3117 1841 3158 recte
1861 3124 1989 3160 cum
2003 3112 2211 3162 hianda.

1224 3180 1362 3231 Nam
1381 3186 1559 3251 poetae
1580 3182 1679 3253 qui
1706 3200 1773 3233 ex
1794 3182 2018 3238 historia
2046 3187 2209 3240 fabu-
2294 3176 2307 3187 ’

1223 3261 1324 3313 lari
1365 3262 1645 3337 tragoedias
1686 3267 2091 3340 componebant
2109 3306 2126 3332 ‚
2156 3281 2212 3323 et

1221 3344 1512 3397 histriones
1532 3344 1631 3415 qui
1649 3345 1897 3415 agebant,
1918 3364 2029 3399 non
2051 3366 2209 3403 veros

1224 3426 1455 3478 affectus
1499 3424 1863 3497 exhibebant,
1902 3428 1999 3481 sed
2038 3431 2210 3483 simu·

1223 3506 1360 3557 latos
1392 3524 1407 3557 τ
1450 3504 1599 3557 unde
1634 3506 1899 3578 tragoedi,
1921 3522 1981 3561 et
2012 3528 2206 3581 magna

1223 3605 1350 3639 cum
1380 3588 1529 3639 vocis
1564 3588 1918 3641 contentione
1954 3607 2207 3661 pronun·

1221 3668 1386 3732 tim-e,
1418 3680 1471 3719 et
1503 3669 1781 3722 tristitiam
1813 3668 2021 3741 fingere
2056 3671 2207 3723 soliti

1221 3762 1394 3801 erant.
1423 3748 1489 3807 C.

1293 3835 1348 3891 4.
1383 3833 1605 3880 Vulnera
1636 3848 1721 3879 seu
1750 3830 1962 3897 Par-thal]
1990 3834 2207 3883 Vulnera

225 3992 365 4057 V.¹2.
404 4007 622 4076 Linguas
654 4020 826 4074 optare
861 4010 912 4057 in
950 3991 1177 4059 cdrmina
1213 4022 1422 4059 eentum.
1456 4008 1906 4085 Conlrauchetii,
1938 4006 2001 4060 12⁰
2038 4012 2175 4074 8070
2194 4050 2209 4075 ,

158 4092 206 4139 in
234 4092 461 4141 earmina
488 4102 697 4140 tannem.
715 4091 824 4143 Alfi
843 4107 1041 4153 omnes,
1061 4102 1110 4140 et
1129 4102 1306 4141 noster
1319 4127 1333 4152 ,
1355 4103 1561 4139 centum.

1717 4176 1836 4268 s.
