2775 4619
904 405 1095 475 SA'T
1116 409 1147 471 1
1168 406 1299 473 RA
1359 405 1488 471 VI.

2089 402 2206 467 181

254 534 421 599 Gum
455 554 718 599 morosa
747 524 914 620 vago
949 532 1286 621 singultiet
1320 530 1590 619 inguine
1617 550 1778 593 vena
1798 575 1817 608 ,

255 648 552 713 Patriciae
583 648 878 712 immeiat
906 647 1115 711 vulvae
1140 646 1167 709 Ξ)
1196 646 1367 709 Mihi
1402 642 1860 732 tramsfigurae

259 766 361 831 Sit
384 765 639 853 reliqua
660 789 679 847 3
710 780 805 835 ast
830 763 925 827 illi
952 778 1186 829 tremat
1214 777 1480 827 omento
1510 782 1678 849 popa
1699 753 1972 824 venter?

258 878 491 943 Vende
517 877 800 944 animam
828 879 1012 942 lucro
1028 926 1049 959 ‚
1079 899 1363 941 mercare
1379 924 1397 959 ‚
1424 890 1618 965 atque
1645 889 1874 940 excute
1900 872 2097 937 solers
2147 876 2215 955 7⁵

179 1091 307 1143 item
326 1127 342 1153 ‚
358 1090 705 1142 luxuriosum
723 1106 784 1140 ac
802 1086 1154 1141 nebulonem.

177 1174 449 1221 —Ansert's
461 1173 602 1220 extis.
617 1171 789 1222 Anser
804 1170 934 1221 olim
950 1168 1007 1220 in
1025 1167 1159 1221 deli·

180 1252 275 1303 ciis
301 1248 453 1322 apud
474 1250 762 1303 Romanos.
788 1248 1049 1321 Intelligit
1068 1268 1163 1301 au-

179 1342 292 1381 tem
316 1333 494 1401 jecur.
519 1326 707 1380 Horat.

177 1418 436 1481 Pinguibus
457 1427 505 1465 et
523 1416 622 1465 ficis
641 1426 823 1479 pastum
839 1417 971 1477 jecur
988 1414 1161 1532 aluseris

302 1488 1055 1533 albi..

251 1586 343 1639 72.
376 1570 497 1616 Cum
521 1582 715 1616 morosa
736 1582 875 1635 vago
894 1568 1023 1633 sing.
1049 1565 1158 1635 eta]

180 1646 382 1701 Sensus
405 1659 485 1699 est
506 1666 519 1697 ε
543 1659 607 1699 ut
623 1686 639 1712 ,
669 1651 777 1697 citm
796 1684 814 1707 ,
837 1650 1165 1717 postquam,

178 1723 475 1797 vuigivagae
495 1738 547 1778 et
566 1725 791 1798 plebeiae
812 1726 1019 1779 Veneri
1034 1724 1133 1777 diu
1148 1762 1165 1788 ,

182 1807 318 1861 dum
355 1826 568 1879 pauper
612 1819 785 1871 esset,
822 1824 877 1859 se
914 1805 1164 1871 dederit,

178 1906 351 1952 nunc,
364 1886 517 1941 dives
532 1886 1011 1941 sactushereditate
1026 1890 1164 1951 mea,

182 1969 238 2020 in
280 1970 545 2023 thalamos
586 1969 855 2022 nobilium
897 1981 1166 2023 matrona-

180 2068 307 2121 rum
332 2050 528 2103 irruat.
546 2055 889 2101 —Morosa....
916 2070 1068 2102 venen
1091 2050 1167 2102 Ut

180 2147 347 2199 supra
361 2167 379 2196 ,
390 2148 581 2197 penem
598 2149 825 2181 amarum
838 2167 856 2190 ,
877 2135 935 2187 τὸ
958 2138 1044 2185 τοῦ
1074 2134 1159 2185 ἀν-

182 2205 297 2279 δρὸς
330 2213 527 2283 μόριον,
557 2213 869 2265 membrum
894 2213 1071 2267 virile.
1091 2242 1163 2251 -

176 2293 376 2360 Vagam
426 2293 623 2359 inguen.
660 2295 725 2346 Τὸ
764 2297 852 2354 τῆς
900 2294 1124 2364 γυναικὸς
1146 2331 1163 2356 ,

183 2368 452 2442 quodque
466 2383 625 2424 vocat
640 2370 826 2423 Horat.
840 2371 932 2423 lib.
948 2373 993 2434 1,
1006 2384 1101 2424 sat.
1118 2379 1169 2437 6,

185 2465 461 2502 concessam
510 2455 757 2504 Venerem.
790 2483 863 2493 -
894 2455 1170 2522 Singultiet.

180 2551 217 2576 ·«
238 2530 540 2602 Singultire
563 2568 579 2595 ,
607 2532 790 2604 inquit
826 2533 1057 2585 Casaub.
1097 2545 1175 2585 est

192 2635 217 2656 ιι
240 2611 491 2664 fastidire
528 2613 739 2683 copiam
782 2613 1011 2685 alicujus
1053 2613 1170 2666 rei:

192 2718 215 2737 α
240 2711 390 2758 nam,
406 2693 552 2746 inter
572 2711 752 2745 causas
768 2693 960 2759 varias,
974 2694 1177 2765 singul-

190 2795 215 2819 «
239 2786 329 2826 tus
356 2787 445 2827 est
469 2775 583 2826 haec
602 2812 618 2838 ‚
647 2776 690 2826 si
725 2772 1049 2847 imprudens
1081 2775 1176 2826 ali-

193 2879 216 2898 α
241 2855 389 2925 quis,
406 2867 503 2906 aut
514 2853 727 2907 avidior
745 2859 907 2926 quam
927 2873 1026 2925 par
1040 2867 1175 2917 erat,

194 2960 215 2980 ι
237 2937 505 3006 majorem
538 2935 766 2987 buccam
800 2935 1171 3006 diglutierit.»

189 3014 305 3066 Nec
324 3014 461 3065 mihi
484 3014 660 3085 placet
672 3015 771 3066 ista
784 3012 1177 3085 interpretatio.

191 3101 492 3166 Singultire‚
521 3097 744 3167 proprie
785 3095 1047 3166 palpitare
1076 3113 1175 3166 per

188 3177 499 3232 intervalla.
553 3177 672 3228 Hoc
725 3176 847 3227 loco
887 3213 902 3239 ,
948 3175 1177 3228 verbum

190 3257 536 3322 obscoenum,
548 3270 603 3309 et
617 3255 752 3307 mire
766 3255 999 3328 pingens
1014 3273 1179 3306 mem-

189 3338 282 3390 bri
315 3337 491 3396 virilis
536 3335 805 3407 singultus
846 3353 909 3387 ac
948 3334 1179 3407 palpita-

192 3421 375 3473 tiones
403 3418 463 3469 in
490 3417 661 3470 coitu.
690 3417 755 3468 A.

269 3516 356 3588 73.
370 3518 603 3567 Patricia.-
616 3515 1045 3580 immeiatvulvoe.]
1064 3511 1183 3564 Hoc

190 3613 309 3650 non
338 3607 462 3666 eget
486 3592 959 3664 interpretatione.
974 3593 1187 3640 —Mihi

193 3692 362 3728 trama
392 3677 585 3745 figurce
626 3677 691 3724 sic
728 3675 935 3738 reliqua.
980 3670 1058 3724 Ut
1110 3669 1182 3722 sit

192 3756 337 3810 mihi
358 3755 469 3808 sola
489 3753 693 3825 species
716 3751 955 3804 hominis
972 3787 990 3813 ‚
1014 3762 1068 3802 et
1086 3767 1185 3819 ego

192 3837 327 3888 fiam
342 3853 458 3888 ossa
478 3847 537 3887 et
552 3831 1186 3905 pellis.-Tramafiguroe.

194 3915 398 3972 Audax
427 3915 743 3984 metaphora
780 3911 942 3966 simul
977 3923 1031 3962 et
1060 3927 1186 3980 per·

195 3999 340 4053 fecta
359 3999 428 4050 ab
448 3994 791 4066 omni‘parte.
815 3997 1016 4055 Rama,
1038 3989 1187 4068 apud

1237 1086 1539 1159 pannificos
1565 1126 1582 1152 ‚
1615 1100 1824 1141 constat
1862 1088 1958 1141 filo
2000 1088 2220 1142 duriore

1240 1182 1296 1223 et
1319 1180 1528 1221 retorto
1545 1205 1561 1232 ‚
1588 1169 1684 1240 qui
1700 1206 1716 1234 ,
1747 1171 1874 1221 cum
1900 1188 2116 1240 pannus
2143 1183 2223 1223 est

1240 1261 1504 1303 vetustate
1541 1250 1758 1302 attritus
1783 1288 1800 1314 ‚
1837 1261 2062 1321 apparet
2092 1270 2105 1301 τ
2145 1251 2223 1321 sic

1244 1330 1402 1382 nervi
1417 1342 1472 1382 et
1487 1348 1601 1382 ossa
1614 1332 1672 1382 in
1692 1348 1920 1401 corpore
1935 1331 2224 1383 macilento

1240 1422 1295 1463 et
1329 1423 1644 1464 extenuato.
1689 1416 1766 1461 On
1799 1431 1862 1461 ne
1891 1414 2090 1462 vert-ait
2111 1415 2226 1477 plus

1242 1512 1339 1560 que
1362 1496 1414 1543 la
1441 1505 1596 1543 emme
1621 1496 1684 1544 de
1709 1512 1790 1544 ma
1803 1495 1992 1562 figure,
2013 1510 2158 1563 pour
2167 1496 2227 1561 je

1244 1576 1396 1625 semis
1421 1576 1611 1641 maigre
1635 1588 1686 1623 ee
1708 1576 1968 1624 de'ckamd.
1995 1574 2055 1624 A.
2273 1585 2283 1590 ”

1317 1662 1409 1728 74.
1441 1661 1533 1707 Ast
1560 1659 1636 1709 illi
1667 1672 1846 1710 tremat
1874 1673 2066 1710 omento
2086 1674 2228 1725 popa

1244 1737 1460 1803 ventem]
1491 1734 1642 1806 Popa
1681 1735 1889 1789 Latinis
1933 1748 2013 1789 est
2045 1742 2188 1800 θύτης
2207 1776 2226 1803 ,

1244 1814 1616 1878 victimarius,
1654 1814 1944 1869 sacerdotis
1981 1817 2230 1870 minister

1244 1893 1314 1947 ad
1360 1894 1668 1949 mactandas
1707 1895 1970 1949 victimas.
2011 1897 2187 1949 Porro
2209 1934 2228 1961 ,

1242 1974 1492 2029 homines
1519 1977 1641 2041 isti,
1664 1988 1728 2029 ut
1752 1974 1903 2055 apud
1933 1994 2032 2029 nos
2055 1974 2190 2029 lanii
2210 2016 2228 2041 ,

1244 2059 1440 2130 coqui,
1461 2071 1513 2112 et
1531 2060 1611 2111 illi
1635 2060 1731 2131 qui
1756 2076 1942 2110 carnes
1963 2042 2229 2125 traciam,

1245 2140 1397 2193 obesi
1437 2139 1733 2194 admodum
1771 2153 1941 2192 sunt·
1977 2140 2052 2192 ita
2091 2158 2230 2212 quo-

1245 2238 1353 2293 que
1397 2220 1660 2273 videntur
1695 2228 1863 2287 popoe‘
1887 2220 1945 2272 in
1995 2221 2232 2273 nonnul·

1246 2302 1314 2355 lis
1376 2300 1542 2374 signis
1605 2300 1916 2374 anagiyphis
1970 2301 2229 2374 antiquis.

1251 2382 1622 2456 Metaphorice
1661 2395 1842 2436 autem
1879 2403 2018 2450 popa
2056 2398 2236 2433 ‘venter

1254 2463 1607 2535 significatur.
1649 2464 1766 2516 Hoc
1801 2464 1924 2516 loco
1940 2500 1957 2527 ‚
1999 2464 2236 2535 popino-

1254 2565 1382 2598 nem
1406 2559 1459 2597 et
1483 2545 1737 2616 gulosum
1761 2545 2042 2597 lurconem
2064 2564 2077 2594 τ
2099 2550 2234 2616 poe-

1256 2625 1361 2679 tica
1387 2626 1534 2677 enim
1561 2625 1777 2676 licentia
1795 2663 1811 2687 ,
1839 2625 2032 2677 tribuit
2057 2625 2236 2678 ventri

1257 2705 1409 2776 quod
1453 2705 1552 2756 toti
1591 2704 1804 2756 homini
1856 2705 2234 2758 conveniebat.

1255 2816 1326 2824 -—
1348 2790 1572 2836 Omento.
1615 2783 1946 2836 Panniculus
1983 2785 2237 2837 intestina

1256 2863 1496 2916 ambiens
1538 2875 1591 2914 et
1639 2875 1944 2931 contegens.
1987 2860 2090 2913 Hic
2133 2880 2237 2933 pro

1254 2944 1415 3014 adipe
1453 2957 1506 2996 et
1537 2941 1888 3018 pinguedine.
1926 2941 2199 2996 Caeterum
2220 2980 2239 3007 ‚

1254 3025 1345 3078 hic
1371 3041 1556 3078 versus
1587 3023 1859 3093 picturam
1893 3022 2056 3075 offert
2085 3019 2238 3108 baud

1254 3104 1536 3176 indignam
1559 3104 1804 3156 Marone.
1834 3105 1901 3155 A.

1329 3185 1418 3254 75
1455 3187 1622 3234 Vende
1644 3186 1862 3234 animam
1890 3187 2064 3253 lucrm]
2093 3185 2238 3239 Con·-

1258 3263 1436 3318 cludit
1472 3264 1721 3318 Persius:
1755 3266 1961 3319 scilicet
1981 3305 1998 3331 ,
2030 3280 2092 3320 ut
2126 3267 2239 3338 pla-

1257 3365 1373 3400 ceas
1401 3361 1561 3400 avaro
1584 3344 1778 3398 heredi
1793 3384 1810 3410 ‚
1833 3349 2001 3397 vende
2019 3349 2242 3407 animam

1258 3432 1394 3479 lucro
1407 3465 1423 3488 ,
1450 3441 1538 3477 etc.
1557 3457 1628 3466 -·
1643 3429 1808 3477 Vende
1825 3431 2045 3478 animam
2072 3430 2230 3478 lucro.

1260 3506 1487 3561 Redime
1513 3525 1702 3560 omnes
1725 3507 1868 3560 lucri
1893 3504 2128 3560 faciendi
2155 3525 2245 3558 oc-

1262 3589 1438 3640 casion
1445 3607 1522 3652 es,
1537 3587 1622 3642 vel
1632 3590 1840 3658 jactura
1851 3588 2062 3652 animae,
2073 3585 2129 3638 id
2141 3597 2243 3651 est,

1260 3668 1401 3722 vitae.
1424 3666 1663 3738 Respicit
1681 3665 1893 3719 Persius
1912 3664 1978 3717 ad
1995 3666 2246 3736 navigan-

1266 3748 1406 3800 tium
1421 3749 1659 3820 pericula
1673 3785 1690 3811 ‚
1710 3757 1772 3798 ut
1784 3758 1929 3815 patet
1941 3745 2027 3796 his
2041 3745 2246 3809 verbis,

1264 3843 1418 3895 atque
1435 3843 1610 3879 excute
1625 3831 1772 3878 solers
1791 3841 1932 3876 omne
1950 3829 2041 3876 lae.
2059 3827 2247 3876 mundi.

1264 3907 1491 3978 Peragra
1512 3908 1702 3959 orbem
1730 3919 1997 3956 terrarum
2015 3941 2031 3966 ‚
2056 3922 2248 3960 omnes

1266 3987 1416 4045 orbis
1427 3987 1651 4060 angulos
1670 3997 1940 4050 scrutare,
1959 3995 2024 4042 ut
2044 4001 2255 4047 merces
