2775 4619
476 244 511 268 Χ

484 446 621 511 EX
662 442 1130 512 INCERTO
1168 443 1489 511 SATIR.
1531 443 1866 515 LIBRO.
1966 449 1982 461 ‘
2047 444 2172 513 235

893 574 913 585 ⁴
984 574 1034 631 L
1050 574 1111 630 X
1130 572 1192 629 X
1209 574 1270 630 X
1289 573 1337 629 Ι.

220 668 504 749 Asparagi
530 667 741 728 molles
758 712 776 742 ‚
804 668 910 729 sed
930 667 1117 731 viride
1146 688 1335 747 cyma.

954 770 1003 825 L
1024 770 1084 825 X
1102 769 1162 827 X
1177 770 1238 825 X
1254 769 1283 824 I
1301 769 1351 825 1.

217 868 363 925 Nam
390 877 515 925 tam
540 864 681 945 algu
706 865 1145 945 atque-nigrore
1174 866 1384 944 majus.

939 966 986 1019 L
1006 966 1067 1021 X
1082 966 1141 1021 X
1162 967 1224 1025 X
1240 966 1271 1023 Ι
1288 966 1318 1021 1
1335 965 1385 1020 Ι.

219 1064 409 1121 Verna
430 1078 568 1121 acer
590 1060 759 1141 cupit
779 1060 924 1121 haec.

948 1160 1367 1225 LXXXIV.

230 1296 645 1317 ...........
679 1255 1075 1335 Hippocampi
1102 1254 1422 1333 elephanto
1451 1254 1726 1323 camelos.

967 1356 1017 1411 L
1034 1355 1095 1429 X
1110 1356 1171 1415 X
1188 1356 1248 1414 X
1261 1357 1335 1412 V.

219 1452 280 1510 Si
304 1452 531 1533 argenti
559 1449 806 1529 indiges.

290 1568 295 1573 ·
945 1551 992 1604 L
1010 1552 1071 1607 X
1088 1548 1149 1610 X
1166 1548 1227 1609 X
1238 1553 1292 1608 V
1306 1551 1356 1607 1.
1407 1567 1410 1569 ’

217 1650 414 1726 Atque
444 1665 648 1710 omnes
672 1634 1039 1713 mandonum
1065 1645 1241 1724 gulae.

917 1749 967 1803 L
985 1748 1047 1805 X
1062 1749 1124 1804 X
1141 1748 1201 1803 X
1216 1749 1269 1805 V
1280 1749 1310 1805 1
1328 1747 1375 1804 Ι.
1403 1792 1410 1801 .

218 1827 560 1901 Α’ῃᾱιοιιίιιέ
580 1841 771 1901 Flacci
798 1852 955 1920 teget
980 1842 1154 1901 utria.

903 1940 1412 2001 LXXXVIII.

216 2038 657 2118 Impermistum
686 2035 1079 2115 lympharem.

932 2137 982 2192 L
997 2138 1059 2193 X
1076 2136 1137 2194 X
1155 2137 1216 2197 X
1233 2138 1262 2193 1
1280 2138 1358 2195 X.

232 2268 725 2293 .............
755 2232 1091 2312 Palmisque
1116 2233 1407 2295 misellam

218 2333 479 2411 Depuvit
504 2351 620 2392 me.

1080 2416 1142 2472 X
1160 2415 1225 2472 C.

233 2549 770 2568 ..............
803 2511 939 2569 Non
967 2511 1233 2571 omnibu’
1262 2511 1514 2571 dormio.

1062 2611 1124 2667 X
1144 2609 1189 2666 C
1208 2610 1258 2666 1.

231 2743 603 2761 ..........
643 2702 863 2782 Agipes
887 2722 1096 2762 vocem
1122 2703 1353 2763 mittere
1380 2702 1578 2781 coepit.

1028 2804 1090 2860 X
1110 2801 1155 2858 C
1172 2801 1201 2856 1
1219 2802 1267 2861 1.

218 2901 449 2956 Jactans
474 2917 571 2956 me
598 2909 667 2955 ut
693 2897 873 2956 febris
896 2917 1245 2977 querquera.

210 3105 240 3152 8
251 3121 272 3151 1
284 3137 297 3151 .
305 3103 508 3152 Nonius
520 3119 532 3150 :
548 3103 719 3164 Cyma,
728 3113 913 3151 neutro
926 3118 1118 3168 genere.

210 3187 294 3235 82.
323 3184 555 3234 Nonius:
576 3184 734 3250 Algae,
752 3199 847 3249 pro
866 3183 1048 3248 algore.

209 3267 296 3314 83.
318 3265 545 3314 Nonius:
578 3265 763 3313 Vernus
780 3275 934 3314 veter.
954 3263 1142 3330 appel--

141 3345 331 3406 labant,
352 3347 446 3412 qui
465 3363 579 3394 vere
607 3363 747 3396 sacro
773 3348 977 3397 fixerant
998 3347 1119 3396 nati.

208 3430 294 3486 84.
310 3428 537 3478 Nonius:
555 3425 880 3492 Hippocampi
890 3427 1009 3492 equi
1020 3444 1123 3478 ma-

136 3509 235 3558 tini
250 3527 280 3559 a
304 3509 441 3559 flexu
462 3508 762 3568 caudarum,
778 3525 893 3574 ‹111ae
910 3509 1119 3575 piscosa

140 3599 269 3638 flunt.

208 3671 292 3718 85.
319 3671 550 3721 Nonius:
571 3670 836 3723 Genitivus
862 3686 1001 3720 casus
1026 3661 1137 3736 po-'

138 3757 261 3796 urus
278 3765 375 3813 pro
396 3749 697 3798 accusativo.

208 3829 293 3877 86.
318 3831 367 3879 N
368 3831 521 3879 onius
536 3847 549 3877 τ
570 3829 869 3889 Mandanes,
886 3829 1075 3884 edaces.

207 3910 291 3970 87.
308 3911 515 3959 Nonius
532 3927 545 3958 ε
572 3912 710 3960 Πενία
728 3913 923 3976 generis
935 3911 1118 3960 neutri.

208 3991 291 4037 88.
320 3991 549 4040 Nonius:
578 3991 801 4055 lympha
820 4025 839 4048 ,
870 4009 1001 4057 aqua
1035 4008 1121 4060 ge·

138 4083 259 4145 nere·
277 4070 394 4140 fem.
414 4081 473 4120 ut
500 4087 626 4138 saepe
648 4071 943 4134 masculino.

1271 3103 1353 3166 89.
1394 3107 1605 3151 Festus:
1638 3104 1886 3167 Depuvere
1903 3136 1918 3164 ,
1951 3103 2137 3155 caedere
2162 3123 2174 3155 :

1200 3183 1396 3242 Graece,
1422 3182 1608 3236 παίειν.

1270 3282 1353 3330 90·
1376 3264 1488 3314 Non
1507 3263 1724 3312 omnibu'
1743 3237 1949 3313 dormio.
1972 3267 2192 3324 Prona
2237 3293 2245 3302 ·

1197 3349 1340 3397 bium
1367 3357 1545 3396 natum
1577 3363 1605 3393 a
1635 3345 1782 3410 Cipio
1807 3345 2028 3410 quodam
2042 3379 2058 3404 ,
2089 3347 2182 3410 qui.

1197 3420 1583 3476 Paiarhenchon
1598 3424 1764 3474 dictus
1775 3433 1863 3482 est,
1875 3424 2014 3488 quod
2025 3425 2180 3474 simu·
2235 3479 2242 3485 ,

1197 3509 1323 3557 laret
1356 3506 1716 3563 dormientem,
1741 3504 1846 3569 qui)
1877 3503 2180 3569 impunitius

1196 3603 1327 3638 uxor
1346 3589 1460 3653 ejus
1477 3587 1824 3638 moecharetnr.

1266 3686 1351 3734 91.
1376 3674 1580 3719 Festus:
1602 3668 1874 3718 Pedarium
1899 3676 2192 3716 senatorem·

1195 3751 1444 3817 significat
1470 3751 1696 3800 Lucilius
1708 3783 1724 3808 ‚
1743 3745 1860 3796 oiim
1881 3747 1976 3794 ait:
1996 3746 2180 3812 Agipes

1200 3849 1375 3882 vocem
1389 3867 1407 3890 ,
1437 3844 1528 3880 etc.
1917 3878 1927 3887 ,

1272 3928 1355 3976 92.
1367 3912 1552 3960 Paulus
1563 3928 1628 3959 ex
1636 3914 1778 3958 Festo
1791 3927 1802 3958 ε
1821 3909 2186 3972 Querqueram,·

1196 3993 1426 4058 frigidam
1440 4007 1556 4040 cum
1568 3981 1784 4040 tremore
1797 4024 1811 4050 ‚
1825 4007 1856 4044 a
1867 3992 2042 4042 Graeco
2057 3988 2176 4058 κάρ-

1199 4091 1325 4145 xmp«.
1340 4107 1357 4139 ‚
1378 4082 1570 4122 certum
1590 4081 1666 4121 est
1687 4069 1803 4121 dici.
