2775 4619
571 423 694 489 190
985 399 1290 464 VETT.
1345 398 2162 464 COMMENTARII

643 529 714 583 V.
749 523 844 600 59.
878 525 1264 599 Saturniaque
1291 525 1522 600 impulit
1546 523 1717 601 cerm]
1747 528 1864 582 Aes
1890 524 1951 582 in
1977 523 2103 581 aede
2130 525 2379 582 Saturni
2405 525 2621 583 conde-

564 623 768 691 batur,
790 620 1060 680 nondum
1081 633 1321 698 argento
1344 640 1609 698 auroque
1638 621 1894 698 signato:
1919 621 2079 678 unde
2098 622 2379 678 serarium
2399 643 2621 680 nomen

515 763 520 767 -
561 719 804 795 accepit.
831 719 966 776 Fuit
991 731 1188 776 autem
1215 718 1358 776 assis
1383 717 1609 776 libralis
1626 761 1642 789 ,
1675 730 1740 783 et
1765 717 2085 795 dipondius
2102 763 2119 790 ‚
2144 719 2315 796 quod
2344 719 2541 778 hodie
2562 721 2620 776 in

562 837 678 874 usu
704 814 1016 885 remansit;
1047 828 1106 872 et
1130 815 1355 872 solebat
1385 816 1615 892 pensari
1642 815 1841 892 potius
1868 813 2049 893 quam
2078 817 2389 874 numerari
2414 838 2429 873 :
2462 816 2619 874 unde

565 926 623 972 et
648 914 1078 991 dispensatores
1106 911 1249 970 dicti
1274 925 1701 990 prorogatores.

643 1031 715 1085 V.
762 1047 854 1100 70.
899 1019 1156 1082 Donatoe
1195 1047 1236 1082 a
1274 1029 1502 1102 virgine
1530 1027 1807 1104 pappam]
1828 1023 2117 1092 solebant
2146 1026 2417 1104 virgines
2434 1071 2454 1097 ‚
2486 1040 2613 1085 ante

565 1119 745 1202 qu'am
771 1123 1064 1183 nuberent
1079 1167 1096 1194 ,
1127 1121 1399 1201 quaedam
1427 1123 1773 1198 virginitatis
1806 1141 1927 1180 suae
1962 1123 2117 1180 dona
2142 1123 2366 1180 Veneri
2396 1142 2611 1181 conse-

563 1241 740 1278 crare.
767 1223 896 1278 Hoc
919 1232 980 1278 et
1003 1223 1190 1278 Varro
1216 1218 1419 1278 scribit
1447 1219 1594 1297 (13).

640 1339 723 1398 V.⁴
753 1354 846 1408 72.
879 1337 1160 1390 Messaloe
1195 1336 1362 1410 lappa
1381 1334 1721 1412 pmpagn.]'
1742 1337 1974 1392 Cottam
2003 1333 2394 1392 Messalinum
2433 1334 2610 1404 dicit,

563 1432 670 1510 qui
689 1445 808 1488 tam
821 1433 1062 1490 vitiosos
1089 1431 1298 1489 oculos
1319 1431 1380 1490 in
1402 1443 1701 1489 senectute
1719 1431 1927 1489 habuit
1942 1475 1959 1502 ‚
1984 1443 2053 1488 ut
2074 1430 2377 1515 palpebrae
2401 1434 2459 1510 ej
2468 1452 2537 1488 us
2552 1434 2610 1488 in

562 1529 910 1588 exteriorem
933 1529 986 1607 (ι
999 1529 1058 1606 l.)
1089 1541 1313 1607 partem
1335 1519 1719 1587 verterentur.
1747 1529 1859 1585 Hic
1884 1529 1959 1586 ab
1986 1527 2235 1586 Aurelio
2268 1531 2447 1586 Cotta
2470 1529 2611 1585 ado-

560 1639 759 1706 ptatus
783 1668 799 1695 ,
840 1625 1120 1683 Aurelius
1171 1626 1468 1708 Maximus
1520 1625 1827 1684 dicebatur
1846 1669 1863 1696 ‚
1911 1610 2200 1704 originem
2244 1624 2496 1683 trahens
2541 1626 2610 1682 ab

560 1723 804 1782 Aurelio
829 1722 1109 1792 Messala,
1140 1724 1246 1801 qui
1274 1723 1489 1800 septies
1516 1723 1629 1780 fuit
1658 1721 1867 1780 consul
1896 1743 1909 1777 x
1944 1722 2087 1800 qui,
2115 1719 2255 1790 cum
2280 1741 2313 1778 a
2342 1721 2607 1800 quodam

563 1819 734 1877 Gallo
783 1819 858 1878 ad
901 1818 1371 1877 monomachiam
1423 1819 1485 1877 in
1534 1818 1737 1896 praelio
1776 1830 2085 1876 vocaretur
2106 1861 2123 1888 ,
2167 1837 2385 1875 corvus
2432 1837 2608 1894 super

559 1917 782 1994 galeam
805 1917 868 1976 in
891 1917 1079 1996 capite
1101 1918 1228 1996 ejus
1251 1915 1426 1987 sedit,
1444 1927 1523 1988 et,
1544 1918 1699 1975 victo
1716 1915 1906 1987 hoste,
1924 1916 2213 1975 Corvinus
2228 1928 2480 1974 vocatus
2500 1926 2599 1974 est.

1389 2101 1577 2118 mm
1581 2101 1769 2118 mm

1048 2221 1144 2277 IN
1202 2221 1617 2277 SATIRAM
1671 2219 2111 2275 TERTIAM.

1311 2385 1384 2416 111
1428 2384 1840 2417 ntsxnlosos.

635 2530 708 2582 V.
748 2546 798 2582 1.
830 2528 1062 2602 Nempe
1096 2526 1206 2581 hoc
1241 2526 1523 2604 assidua]
1560 2529 1727 2583 Hanc
1768 2526 2000 2583 satiram
2042 2530 2219 2603 poeta
2248 2546 2323 2583 ex
2359 2526 2595 2585 Lucillii

557 2623 659 2679 lib.
691 2625 774 2680 IV
806 2623 1102 2681 transtulit
1121 2665 1138 2693 ,
1168 2623 1497 2700 castigantis
1525 2622 1776 2680 divitum
1804 2622 2100 2679 luxuriam
2126 2635 2186 2680 et
2208 2623 2368 2681 vitia.

634 2734 707 2788 V.
749 2751 838 2788 xo.
873 2733 1110 2787 Bicolor
1132 2730 1519 2808 membrana]
1552 2730 1816 2799 Bicolor‚
1850 2730 2017 2807 quod
2044 2750 2178 2809 pars
2214 2731 2591 2807 crocea(15),

555 2847 688 2905 pars
714 2827 1000 2905 glutinata
1027 2827 1189 2905 apud
1215 2826 1493 2904 antiquos
1520 2824 1673 2883 erat.

630 2935 704 2989 V.
752 2934 841 2989 13.
883 2938 1177 2990 Vanescat
1207 2933 1422 3011 sepia]
1472 2932 1706 3011 Sepiam
1746 2952 1854 3011 pro
1893 2945 2254 3003 atr-amente,
2284 2954 2321 2991 a
2358 2933 2586 3003 colore,

553 3028 785 3104 posuit:
814 3031 1084 3106 quamvis
1111 3049 1232 3088 non
1261 3050 1335 3088 ex
1366 3049 1435 3087 ea
1464 3041 1533 3087 ut
1557 3029 1717 3099 Afri,
1748 3029 1851 3087 sed
1880 3050 1957 3087 ex-
1979 3029 2227 3107 fuligine
2246 3030 2377 3108 (16)
2406 3026 2587 3087 caeteri

553 3124 866 3183 conficiant
889 3138 1299 3185 atramentum.
2180 3144 2185 3148 ·

633 3232 707 3286 V.
756 3231 846 3287 18.
894 3232 1192 3309 Lallare.]
1236 3233 1507 3290 Nutrices
1551 3232 1905 3302 infantibus,
1936 3244 2008 3289 ut
2044 3231 2373 3303 dormiant,
2412 3231 2589 3290 solent

551 3326 748 3385 dicere
780 3346 963 3405 saepe,
995 3327 1134 3385 lalla
1151 3372 1168 3398 ‚
1194 3326 1364 3399 lalla,
1391 3320 1546 3387 lalla.
1574 3333 1698 3387 Aut
1726 3329 1954 3400 dormi,
1978 3341 2079 3387 aut
2104 3328 2275 3387 lacte.

633 3436 704 3490 V.
739 3454 835 3491 21.
872 3435 1294 3513 Contemnere]
1323 3438 1463 3494 Haec
1495 3435 1569 3493 ab
1606 3436 1851 3521 Horatio
1889 3434 2042 3494 male
2075 3435 2354 3496 translata
2384 3437 2583 3495 intem·

504 3586 509 3601 ,
554 3534 816 3609 pestiva*
842 3543 1016 3590 sunt:

1506 3667 1775 3681 ......
1812 3633 2036 3696 Quintu

907 3711 1158 3760 Invidiam
1184 3712 1382 3777 placare
1409 3727 1575 3778 paras,
1598 3714 1781 3763 virtute
1809 3714 2011 3763 relicta?

906 3790 1245 3841 Contemnere
1271 3792 1440 3841 miser.

634 3891 722 3951 Ib'.
753 3896 978 3973 Sonat]
1007 3900 1090 3955 Ut
1112 3895 1430 3975 Virgilius:

665 4052 678 4081 x
903 4012 1009 4061 Nec
1047 4030 1151 4065 vox
1181 4013 1442 4068 hominem
1471 4014 1631 4067 sonat.
