2775 4619
898 429 1292 496 SATIRA
1360 429 1443 494 V.

2063 431 2185 496 125

225 552 476 640 Tecum
505 553 752 620 etenim
783 554 1016 644 longos
1043 555 1316 620 memini
1344 574 1733 618 consumere
1758 553 1922 619 soles
1938 601 1959 634 ,

228 668 312 732 Et
336 685 558 733 tecum
585 670 832 758 primas
861 669 1072 758 epulis
1101 668 1449 756 decerpere
1476 683 1714 734 noctes.

223 786 454 849 Unum
475 807 645 874 opus
661 832 680 866 ‚
709 801 774 850 et
799 785 1094 873 requiem
1115 784 1362 873 pariter
1383 782 1795 872 disponimus
1820 785 2014 851 ambo
2029 834 2049 869 ,

223 901 446 988 Atque
473 899 840 966 verecunda
874 901 1170 964 laxamus
1201 899 1366 962 seria
1402 901 1643 964 mensA.

227 1015 292 1080 N
294 998 392 1079 on*
411 1014 724 1103 equidem
753 1015 878 1080 hoc
901 1013 1161 1080 dubites
1184 1062 1203 1096 ‚
1227 1013 1573 1078 amborum
1595 1012 1838 1082 foedere
1862 1033 2041 1084 certo
2122 1025 2189 1091 45

228 1129 616 1196 Consentire
650 1128 786 1195 dies
808 1177 826 1211 ,
855 1145 921 1194 et
955 1129 1037 1194 ab
1075 1150 1210 1194 uno
1247 1125 1460 1195 sidere
1494 1127 1689 1193 duci:

150 1316 246 1368 lice
281 1315 464 1370 ductae
509 1326 738 1370 sumunt
776 1316 991 1370 vultum
1036 1315 1133 1386 qui

151 1395 348 1448 indicat
383 1396 600 1470 artificis
635 1415 876 1454 manum.
900 1396 1006 1448 Vel
1037 1415 1134 1467 po-

152 1477 256 1528 tius
274 1515 290 1541 ,
320 1489 388 1529 nt
425 1489 581 1529 recte
612 1478 1006 1548 interpretatur
1039 1477 1133 1530 Ca-

152 1557 296 1608 saub.
339 1557 584 1627 artificem
633 1561 832 1608 ‘vultum
861 1595 879 1617 ,
911 1556 970 1609 id
1009 1569 1088 1608 est
1113 1596 1131 1623 ,

151 1640 336 1707 magna
375 1640 506 1689 cura
545 1649 708 1708 atque
745 1649 859 1690 arte
897 1638 1133 1690 elabora-

152 1727 282 1767 tum.
311 1716 514 1768 Juven.
539 1729 637 1769 sat.
661 1717 804 1783 vn,
827 1735 876 1772 v.
900 1718 1033 1788 ²37²

153 1803 330 1866 Exigite
359 1813 416 1850 ut
446 1819 601 1850 mores
638 1813 819 1851 teneros
850 1820 932 1852 scu
960 1805 1131 1868 pollice

271 1875 414 1922 ducat
429 1909 445 1930 ‚

154 1947 214 1992 Ut
237 1946 274 1991 si
293 1946 402 2008 quis
423 1945 532 1994 cera
552 1947 733 1994 vultum
751 1945 862 1994 facit
867 1981 1129 1996 ......

154 2035 418 2088 Caeterum
436 2072 455 2099 ,
494 2034 644 2088 idem
689 2035 913 2089 Casaub.
952 2036 1136 2090 mallet

154 2115 252 2186 legi
288 2119 496 2188 artificis
510 2138 532 2178 ,-
561 2129 628 2170 ut
660 2118 729 2169 sit
763 2136 982 2170 sensus:
1021 2119 1134 2171 ani·

154 2215 390 2270 musque
429 2216 586 2250 mens
629 2217 658 2250 a
706 2211 760 2252 te
803 2199 1043 2252 molliter
1079 2212 1136 2253 et

152 2277 280 2331 scite
312 2290 574 2333 tractatus
609 2277 797 2345 ducit,
827 2279 994 2333 sumit
1015 2279 1132 2334 vul-

155 2371 272 2412 tum
300 2398 317 2424 ‚
347 2360 454 2413 sub
491 2373 589 2413 tuo
623 2361 822 2433 pollice
848 2398 864 2425 ‚
901 2365 1005 2412 arti
1037 2365 1133 2423 cis,

152 2460 254 2511 pro
273 2441 639 2507 artifici.Quoe
659 2442 820 2495 latina
839 2442 1009 2495 dictio
1025 2462 1137 2496 non

89 2552 94 2561 -
155 2523 268 2575 sine
287 2525 541 2596 exemplo
564 2537 660 2577 est.
683 2523 790 2576 Sed
814 2526 929 2578 haec
946 2524 1140 2578 ultima

156 2602 448 2675 explicatio
478 2622 591 2655 non
623 2617 705 2658 est
735 2604 872 2657 adeo
897 2622 1139 2657 necessa·-

154 2684 232 2737 ria
247 2722 263 2748 ,
289 2685 448 2756 prior
465 2685 616 2737 enim
640 2685 886 2759 ejusdem
911 2686 1138 2739 Casaub.

161 2765 520 2834 quaestionem
539 2766 718 2819 solvit.
741 2769 807 2818 A.

229 2852 316 2907 41.
335 2852 512 2897 Tecum
536 2849 710 2898 etenim
731 2850 900 2916 longos
915 2850 1143 2907 memini,

157 2927 268 2997 ete.]
302 2926 434 2979 Haec
461 2926 528 2979 ad
555 2927 973 2981 familiaritatem
993 2946 1146 3000 spec·

161 3015 278 3056 tant
299 3040 320 3067 ‚
357 3021 482 3075 quae
523 3004 605 3055 illi
642 3023 770 3057 cum
806 3017 1146 3077 preceptore

159 3102 260 3135 suo
302 3082 556 3136 Cornuto
598 3084 796 3139 fuerat.
843 3084 1145 3157 Virgilius,

164 3161 333 3233 eclog.
368 3161 490 3212 ῙΧ.

169 3288 632 3303 ..........
668 3258 798 3317 Saepe
820 3272 907 3319 ego
928 3258 1096 3321 longos

162 3327 430 3445 &anglia
425 3344 625 3390 puerum
646 3328 838 3375 memini
859 3345 934 3375 me
953 3329 1150 3446 cqtndere

235 3488 329 3545 42.
367 3487 436 3533 Et
468 3498 625 3535 tecum
649 3487 873 3553 primas,
900 3489 1012 3553 eea]
1037 3484 1152 3550 Qui

167 3562 338 3615 sobrii
359 3577 514 3617 crant
529 3602 547 3631 ‚
567 3565 816 3621 convivia
839 3566 1006 3637 paulo
1027 3578 1152 3619 ante

166 3651 388 3697 noctem
413 3683 432 3710 ,
472 3658 598 3736 post
652 3646 845 3697 horam
886 3645 1152 3700 decimam

171 3722 410 3789 adibant,
420 3737 475 3777 et
487 3724 546 3777 in
557 3726 793 3797 primam
807 3740 1017 3781 tantum
1029 3742 1167 3779 noc-

173 3803 266 3868 tis,
297 3806 386 3860 vel
419 3804 716 3859 secundam
733 3808 1155 3879 protrahebant

173 3884 362 3957 Longe
382 3884 570 3939 aliter
555 3888 596 3939 ii
615 3888 712 3960 qui
730 3888 1160 3961 intemperantes

1164 3957 1221 4013 ἦ

1213 1311 1339 1366 ideo
1367 1313 1737 1379 vocabantur,
1768 1327 1831 1368 ut
1858 1315 2064 1372 Marius
2088 1320 2192 1374 iste

1213 1394 1413 1466 dequo
1436 1396 1470 1447 J
1474 1396 1715 1448 uvenalis
1736 1397 2008 1470 loquitur,
2023 1413 2121 1454 sat.
2140 1403 2193 1467 1,

1210 1479 1278 1525 ab
1305 1488 1477 1524 octava
1506 1476 1630 1525 bibit
1652 1479 1855 1528 Marius.
1886 1479 2029 1549 Ergo
2060 1480 2191 1534 Per-

1210 1556 1359 1608 sius:
1392 1556 1617 1608 memini
1657 1575 1744 1610 me
1784 1557 1987 1629 primas
2020 1563 2195 1614 noctis

1209 1647 1427 1688 tantum
1454 1637 1613 1688 horas
1650 1649 1836 1690 tecum
1868 1637 2157 1712 decerpere
2174 1681 2191 1704 ,

1210 1716 1412 1788 frugali
1452 1721 1635 1770 mensa
1668 1718 1927 1772 studiosis
1957 1739 2196 1776 necessa-

1209 1798 1309 1850 ria.
1340 1797 1405 1850 P.

1283 1877 1372 1940 43.
1414 1881 1571 1928 Unum
1596 1897 1717 1946 opus
1748 1893 1798 1930 ee
1825 1883 2081 1953 requiem]
2110 1883 2194 1936 Si-

1211 1957 1330 2010 mul
1360 1957 1569 2024 labori,
1604 1959 1767 2012 simul
1806 1961 1981 2030 quieti
2012 1962 2196 2015 indul-

1211 2037 1470 2108 gebamus
1490 2074 1509 2101 ,
1536 2050 1591 2090 et
1620 2037 1737 2090 sine
1775 2039 1887 2092 nlla
1921 2041 2195 2094 intermis-

1213 2119 1362 2170 sione
1402 2122 1511 2170 una
1552 2137 1766 2172 eramus
1797 2157 1816 2184 ,
1858 2125 1969 2173 una
2010 2122 2197 2176 stude-

1213 2197 1403 2250 bamus
1420 2236 1439 2264 ,
1461 2203 1573 2252 una
1596 2201 1947 2252 cessabamus.

1287 2284 1374 2349 44.
1400 2283 1568 2346 Aeque
1600 2281 1890 2331 ‘verecundia'
1902 2320 1921 2343 ,
1944 2282 2054 2354 etex]
2096 2284 2200 2337 Re-

1215 2358 1413 2430 petitio
1430 2359 1631 2430 prioris
1649 2363 1932 2413 sententioe
1943 2401 1960 2430 ‚
1979 2379 2031 2414 ee
2045 2379 2201 2415 tecum

1208 2441 1403 2505 primas
1426 2442 1610 2505 epulis,
1635 2455 1725 2492 etc.
1756 2442 1895 2506 Quae
1925 2441 1993 2494 ad
2016 2444 2201 2497 amici-

1217 2519 1349 2571 tiam
1386 2537 1541 2571 suam
1584 2538 1713 2573 cum
1758 2521 2008 2577 Cornuto
2052 2544 2201 2577 com·

1217 2596 1585 2651 mendandam
1626 2600 1974 2670 potissimum
2017 2604 2204 2669 valet3

1219 2697 1346 2731 nam
1366 2679 1714 2750 praecipuum
1735 2683 2110 2737 testimonium
2124 2696 2207 2737 est

1221 2770 1378 2811 arctae
1432 2758 1681 2812 amicitiae
1736 2761 1857 2815 salis
1904 2778 1959 2817 et
2007 2782 2206 2817 mensae

1223 2840 1564 2893 communio·
1595 2832 1642 2893 ft
1674 2840 1769 2914 γὰρ
1805 2847 2094 2915 συντροφία,
2118 2846 2205 2897 in-

1225 2920 1357 2993 quit.
1383 2920 1744 2984 Plutarchus,
1772 2924 1937 2994 ὥσπερ
1972 2926 2207 2982 ἐπιτόνιόν

1227 3004 1300 3061 ἐςι
1331 3005 1421 3061 τῆς
1449 3002 1654 3063 ἐυνοίας.
1687 3001 1753 3054 C.

1283 3081 1366 3143 45.
1381 3080 1509 3131 Non
1524 3084 1751 3147 equidem
1770 3083 1862 3133 hoc
1879 3085 2080 3144 dubites,
2092 3084 2207 3157 ete]

1227 3160 1459 3213 Minime
1492 3159 1731 3213 dubium
1770 3174 1883 3226 est,
1914 3164 2051 3236 quin
2095 3162 2209 3219 dies

1227 3241 1519 3295 amborum
1569 3244 1592 3311 (
1625 3243 1732 3295 mei
1780 3245 2016 3316 tuique)
2066 3249 2214 3299 certa

1229 3322 1544 3376 conditione
1562 3362 1578 3389 ,
1610 3338 1760 3377 certo
1793 3325 2034 3398 quodam
2064 3339 2213 3380 nata-

1227 3403 1351 3455 litio
1393 3402 1597 3457 foedere
1643 3407 2015 3471 consentiant,
2051 3420 2105 3460 et
2146 3408 2213 3461 ab

1232 3482 1427 3537 eodem
1448 3504 1562 3537 uno
1582 3486 1757 3541 sidere
1775 3485 2079 3554 ducantur,
2101 3487 2215 3541 sive

1232 3572 1395 3637 Parca
1421 3582 1575 3618 tenax
1602 3572 1747 3630 meri,
1768 3568 2056 3639 suspendit
2076 3582 2217 3621 tem·

1231 3664 1368 3717 pora
1380 3660 1565 3699 nostra
1581 3648 1775 3719 aequali
1788 3648 1953 3699 libra·
1940 3648 2099 3713 ,sive‚
2114 3661 2217 3701 etc

1234 3739 1379 3779 certe
1410 3725 1561 3779 sidus
1590 3726 1820 3800 aliquod
1844 3740 1923 3780 est
1949 3726 2098 3799 quod
2130 3745 2219 3781 me

1235 3807 1338 3859 tibi
1359 3806 1695 3867 concordem
1723 3808 1867 3861 facit.
1896 3809 1958 3859 L.

1311 3892 1403 3951 46.
1445 3892 1722 3941 Consentire
1761 3892 1903 3950 dies,
1936 3904 2025 3941 ete
2039 3893 2059 3958 ]
2097 3914 2119 3936 ι
2142 3888 2223 3941 Ut

248 4060 315 4105 V.
345 4057 434 4116 46.
471 4057 598 4106 Dies.
623 4062 699 4108 Ita
727 4060 874 4109 codd.
904 4076 1106 4125 omnes,
1131 4077 1240 4112 nou
1262 4063 1422 4121 Deos,
1449 4060 1591 4129 quod.
1614 4059 1827 4111 verbum
1850 4060 2001 4112 affert
2020 4060 2231 4115 Casaub.

185 4153 245 4185 ex
269 4137 564 4198 nonnullis,
585 4150 644 4189 ut
673 4140 742 4189 ait
757 4173 772 4198 ,
798 4140 946 4189 codd.
