2775 4619
875 428 1276 499 sA‘rlRA
1325 431 1457 497 IV.

2080 455 2197 521 107

234 559 432 647 Coepe
449 605 468 638 ,
497 573 564 622 et
589 557 826 621 farrata
843 603 862 639 ‚
889 558 1110 646 pueris
1139 555 1608 646 plaudentibus
1624 603 1647 639 ‚
1664 555 1798 620 olla
1814 603 1831 638 ‚

231 673 604 738 pannosam
640 673 861 738 foecem
899 673 1238 738 morientis
1269 672 1489 736 sorbet
1522 670 1739 736 aceti?

233 791 322 853 At
356 792 413 854 si
449 807 686 855 unctus
723 812 926 855 cesses
945 838 964 871 ,
993 806 1060 854 et
1091 789 1250 880 figas
1283 790 1354 852 in
1390 805 1539 854 cute
1572 788 1776 854 solem
1793 838 1813 870 ‚

232 905 347 970 Est
375 929 588 996 prope
613 923 677 972 te
702 907 998 998 ignotus,
1021 907 1244 972 cubito
1271 907 1387 994 qui
1415 921 1637 995 tangat
1660 954 1676 986 ‚
1700 921 1765 970 et
1789 927 1933 970 acre

160 1099 223 1151 ita
253 1118 305 1152 se
339 1099 584 1154 invicem
617 1100 686 1153 ad
721 1099 1050 1154 hilaritatem
1076 1111 1132 1154 et

161 1179 219 1232 ad
233 1181 546 1234 hibendum
566 1181 886 1235 invitabant.
909 1179 1134 1234 Plautus

161 1259 209 1312 in
235 1260 426 1314 Sticho
446 1301 460 1326 ,
486 1280 634 1314 scen.
656 1259 834 1314 XIII:

163 1349 270 1399 Bene
301 1371 423 1411 vos,
452 1357 571 1402 bene
604 1369 720 1413 nos,
751 1357 871 1402 bene
904 1363 980 1413 te,
1015 1357 1136 1404 bene

269 1441 342 1472 me
357 1462 372 1484 ,
399 1425 524 1474 bene

165 1491 368 1543 Nostram
387 1499 529 1545 etiam
546 1499 863 1562 Stephanium.
1051 1501 1101 1546 P.

167 1607 224 1617 —
239 1582 460 1635 Tunicae.
488 1603 598 1634 cum
619 1587 720 1634 sale
746 1587 968 1636 mordens
989 1605 1136 1654 coepe.

167 1655 309 1730 Caepe
327 1661 596 1728 comedit,
607 1684 678 1716 ne
693 1665 890 1717 tunicis
908 1665 1136 1738 quidem

168 1737 468 1794 rudioribus
507 1757 563 1798 et
600 1743 900 1798 involucris
933 1765 1136 1818 purga-

173 1827 292 1870 tum.

231 1899 313 1952 31.
356 1901 586 1956 Far-racd.
606 1944 618 1955 .
635 1944 647 1956 .
664 1944 678 1956 .
715 1905 865 1978 οΙΙᾶ.]
911 1901 978 1958 Id
1025 1921 1135 1970 est,

173 1981 376 2032 mordens
415 2003 548 2052 coepe
583 1989 732 2036 tunic.
769 2006 896 2041 cum
939 1987 1044 2039 sale
1081 2001 1136 2040 et

176 2058 263 2110 olla
293 2062 490 2116 farrata
509 2103 525 2127 ‚
549 2069 721 2132 pueris
751 2069 1104 2134 plaudentibus
1117 2105 1134 2128 ‚

174 2136 566 2196 laetantibus.—
585 2149 698 2198 olla
711 2148 940 2214 farrata.
971 2147 1134 2202 Farre

173 2223 330 2274 multo
353 2263 371 2289 ‚
413 2245 506 2279 seu
547 2229 706 2299 pulte
749 2247 816 2282 ex
855 2229 1134 2284 frumento

177 2303 402 2359 confecta
431 2345 449 2373 ‚
493 2330 561 2359 un
605 2307 863 2361 chaudron
903 2314 1038 2377 plein
1073 2309 1136 2365 de

170 2400 311 2446 grosse
329 2388 543 2439 bouillie.
561 2391 622 2441 A.
633 2392 1135 2459 —Puerisplaudem

176 2464 293 2515 tibus.
316 2464 512 2539 Magna
534 2470 804 2542 emphasis
824 2486 903 2525 est
921 2470 978 2524 in
1001 2472 1134 2536 illis,

167 2548 311 2607 pueris
335 2552 700 2615 plaudentibus
718 2573 735 2604 :
767 2554 872 2605 hoc
906 2567 985 2607 est
1002 2592 1018 2619 ,
1041 2554 1134 2609 loe·

177 2623 427 2694 tantibuS‚
453 2645 509 2684 et
545 2652 652 2703 pro
679 2634 886 2705 magnis
911 2633 1104 2687 lautiti'

175 2700 479 2761 habentibus
497 2749 514 2775 ‚
545 2710 700 2783 quod
723 2713 896 2785 pultis
921 2715 1023 2766 offe*

177 2783 445 2855 tiarentur,
461 2805 517 2844 et
535 2791 764 2863 quidem
784 2792 874 2846 die
896 2794 924 2846 f

233 2866 307 2917 32.
317 2870 798 2939 Pannoeamfaeeem.

180 2968 196 2989 ·
215 2965 326 3001 vere
361 2950 620 3006 Pemiana
643 2991 659 3018 ‚
689 2956 746 3007 in

183 3052 200 3071 ε
216 3026 307 3082 hoc
325 3046 405 3086 est
417 3071 436 3097 ‚
461 3036 714 3105 &pipat-tuf

180 3128 196 3149 ι
213 3104 281 3160 bit
298 3110 498 3163 vinum
517 3151 531 3175 ‚
553 3132 609 3165 se

179 3204 199 3228 e
217 3183 321 3243 οἶνὸν
356 3195 565 3265 τρυγίαν

214 3342 339 3398 bibit
370 3365 468 3401 ace

216 3428 327 3477 riens
378 3450 398 3501 J
532 3419 663 3466 um;
692 3394 788 3449 sed
825 3403 1040 3445 acetum
1073 3404 1174 3435 mo·

216 3466 359 3560 tuma}
471 3508 538 3540 m
575 3480 835 3536 deficiens
863 3485 916 3525 et
945 3472 1061 3541 ipsa
1085 3485 1150 3520 ve

453 3588 494 3621 C
501 3572 737 3632 orruptu

188 3923 256 3957 mo·
298 3917 356 3949 er
369 3932 386 3957 ,
398 3890 691 3960 farratam.
707 3919 720 3931 .
738 3918 750 3930 .

295 4302 305 4334 Ι

1068 2764 1148 2797 sa·

967 2841 1063 2881 sto.
1087 2824 1146 2879 C.

868 2910 1010 2963 «Ista
1023 2917 1153 2959 sunt
1233 2898 1427 2956 solem,
1448 2906 1613 2962 quam

1137 3025 1151 3039 .
1235 2992 1297 3031 ut
1323 2989 1378 3027 et
1408 2966 1761 3025 insolationes
1790 2951 1942 3027 apud
1977 2950 2223 3002 chroma-

748 3096 900 3133 τατα.
924 3074 1049 3125 Non
1077 3069 1159 3121 bi·
1238 3055 1424 3112 tiarios
1444 3065 1639 3104 eorum
1660 3041 1759 3113 qui
1784 3036 2027 3089 colorem
2050 3026 2119 3079 de
2140 3042 2224 3075 m-

697 3172 890 3211 acetum
904 3193 920 3216 ,
954 3150 1014 3202 id
1044 3160 1124 3201 est
1141 3180 1160 3210 ‚

181 3280 406 3319 «cam....
425 3268 538 3321 Hi<-
603 3283 620 3307 ‚
646 3258 880 3313 vappam
912 3246 1006 3287 aut
1034 3248 1162 3302 pos·
1387 3297 1399 3308 .
1571 3291 1581 3302 ι

247 3344 258 3355 ·
580 3322 849 3391 deparcus
864 3330 978 3365 non
993 3307 1172 3360 solum
1251 3309 1491 3369 turpiter
1530 3306 1680 3343 vivas
1702 3322 1721 3350 ‚

463 3645 726 3721 quidem,
736 3636 830 3693 sed
845 3632 981 3689 aceti
979 3630 1183 3699 faecem,

307 3974 472 4028 ’entis
505 3966 646 4017 aceti.
679 3968 755 4012 Ita
780 3961 897 4009 edit.
928 3966 1023 4005 vet.
1058 3951 1244 4000 Britan.
1277 3944 1492 4021 ¹Aldina,

322 4104 334 4115 .
373 4065 463 4113 32.
497 4058 778 4104 pannosam
803 4046 1001 4111 faecem.
1035 4038 1158 4089 cod.
1193 4042 1365 4083 noster
1387 4065 1403 4090 ,
1428 4024 1599 4096 pullen

270 4152 426 4201 rbum
452 4135 721 4205 pallentem
737 4164 754 4189 ‚
785 4129 997 4195 glossam
1028 4118 1232 4169 redolet.

1218 1123 1239 1145 α
1261 1097 1419 1152 istam
1444 1118 1669 1171 quoque
1679 1119 1956 1166 pannosam
1968 1137 1986 1161 ,
2008 1097 2067 1152 id
2087 1114 2166 1156 est
2183 1139 2199 1168 ,

1219 1207 1240 1229 ι
1262 1183 1356 1234 ὑπὸ
1387 1183 1743 1242 παλαιότητος.
1767 1198 1791 1224 ”

1287 1259 1375 1312 33.
1401 1261 1474 1309 At
1488 1261 1531 1310 si
1548 1275 1719 1310 unctus
1738 1262 1921 1330 cessem]
1942 1255 2088 1332 Ergo
2112 1274 2170 1314 tu
2186 1301 2201 1322 ‚

1217 1337 1315 1412 qui
1352 1347 1461 1390 tam
1501 1337 1702 1392 diserte
1744 1339 1879 1393 alios
1920 1340 2165 1412 carpsisti
2182 1380 2200 1405 ‚

1213 1439 1339 1473 cave
1363 1439 1433 1472 ne
1466 1421 1701 1474 vicissim
1733 1422 1974 1492 vapules.
2006 1423 2202 1474 Enim-

1214 1519 1345 1552 vero
1360 1537 1376 1564 ‚
1398 1499 1441 1551 si
1466 1499 1759 1553 cuticulam
1782 1499 1952 1553 otiose
1972 1520 2169 1554 curans
2186 1541 2203 1566 ,

1215 1581 1509 1654 unguentis
1531 1581 1693 1634 etiam
1720 1581 1971 1652 pretiosis
2002 1595 2055 1634 te
2076 1601 2201 1654 per-

1215 1661 1468 1724 fundens,
1484 1662 1985 1734 ignaviae,primum‚
1999 1661 2200 1715 deinde

1214 1741 1429 1814 flagitiis
1457 1756 1510 1795 et
1545 1739 1789 1796 nefandae
1825 1739 2045 1795 libidini
2075 1763 2201 1815 ope-

1215 1844 1330 1878 ram
1344 1821 1438 1876 das
1449 1863 1463 1887 ‚
1485 1822 1622 1897 quid
1636 1819 1705 1876 de
1726 1837 1780 1876 te
1794 1821 2050 1878 dicetur?
2066 1825 2201 1875 P.—

1215 1907 1282 1958 Et
1283 1907 1424 1978 figas
1440 1909 1489 1956 in
1510 1920 1618 1956 cute
1635 1909 1797 1956 solem.
1820 1902 1894 1956 Ut
1915 1924 2080 1976 supra
2098 1924 2112 1954 ς

1307 1988 1366 2034 Et
1384 1983 1570 2032 assiduo
1591 1996 1749 2032 curata
1774 1985 1977 2032 cuticula
1995 1983 2107 2031 sole.

1215 2071 1325 2122 Ista
1343 2081 1526 2120 autem
1546 2067 1799 2120 insolatio
1813 2105 1829 2134 ‚
1846 2067 2206 2132 ἡλιώσις,ἠλιο-

1215 2149 1359 2206 καΐα,
1387 2168 1509 2220 quae
1534 2167 1561 2198 a
1585 2147 1809 2200 medicis
1830 2162 1885 2199 et
1902 2148 2203 2220 gymnastis

1215 2227 1635 2300 praecipiebatur
1653 2265 1673 2293 5
1698 2227 2045 2300 acquirendae
2081 2246 2204 2279 cor-

1211 2308 1336 2381 pori
1368 2307 1619 2361 siccitatis
1653 2313 1811 2361 causa
1830 2347 1847 2372 ‚
1878 2305 2021 2361 nihil
2051 2305 2114 2359 in
2150 2326 2206 2358 se

1214 2388 1646 2465 vituperandun}
1661 2389 1929 2461 hssbebau
1954 2384 2079 2451 sed,
2104 2388 2209 2439 fuit

1215 2472 1314 2525 alia
1353 2471 1687 2549 lffll‘vorum
1731 2472 2025 2529 hominum
2063 2469 2209 2519 inso-

1269 2554 1354 2624 ’.3
1374 2608 1391 2635 ,
1414 2562 1638 2641 quando
1666 2552 1805 2611 nudi
1832 2550 1900 2605 ad
1922 2546 2092 2601 solem
2116 2565 2211 2597 ex·

1223 2654 1638 2731 positi‚operam
1653 2638 1852 2692 dabant
1870 2624 2213 2698 dropacistis,

1230 2738 1328 2812 qui
1341 2734 1651 2787 inhonestas
1666 2731 1847 2793 partes
1866 2710 2111 2781 corporis
2129 2702 2217 2755 ‹le-

1227 2814 1489 2892 pilabant.
1526 2806 1653 2860 Haec
1693 2812 1773 2854 est
1811 2813 1942 2847 cura
1977 2786 2127 2876 cutis·
2150 2782 2219 2835 ad

1627 2883 1721 2936 hic
1735 2874 1966 2947 exagitat
1980 2866 2223 2924 Persam,

1242 3134 1453 3191 dustria
1477 3128 1579 3182 sibi
1606 3117 1969 3177 infuscabant.
1998 3110 2057 3165 C.

1318 3216 1401 3277 34.
1430 3216 1517 3263 Est
1530 3225 1689 3277 prope
1712 3218 1758 3253 te
1786 3203 2009 3267 ignotus,
2031 3186 2145 3257 eta]
2175 3180 2233 3236 Si

1761 3278 1938 3335 aderit
1977 3266 2201 3345 quidam
2219 3302 2237 3328 ‚

1255 3395 1421 3453 quem
1436 3391 1547 3427 non
1564 3366 1715 3421 noris
1735 3401 1751 3428 ‚
1770 3358 1867 3415 sed
1882 3356 1981 3429 qui
1998 3367 2052 3405 te
2066 3346 2241 3421 probe

1153 3494 1175 3506 ·
1256 3458 1441 3521 norit,
1470 3466 1733 3520 tuamque
1771 3439 1909 3497 adeo
1945 3436 2114 3491 vitam
2154 3444 2243 3479 oc-

743 3577 797 3609 m
822 3575 834 3605 τ
868 3554 1038 3605 immo
1061 3585 1077 3614 ,
1107 3563 1179 3597 ne
1262 3540 1543 3607 cultasque
1571 3526 1828 3581 libidines
1861 3520 2245 3589 &promen-—

1265 3621 1435 3673 Cubita
1458 3630 1674 3682 tangere.
1694 3601 1891 3681 Ᾰγκῶνι
1913 3598 2100 3653 νύττειν
2122 3609 2134 3642 :
2156 3586 2250 3639 hic

687 3796 782 3850 ¹...
801 3836 813 3849 .
847 3768 963 3847 olla}
999 3797 1074 3842 Ita
1108 3798 1207 3838 vet.
1237 3780 1395 3834 schol.
1426 3790 1477 3829 et
1507 3788 1606 3825 tres
1640 3768 1853 3819 codices.
1889 3756 2021 3813 Alii,
2053 3762 2105 3801 et
2138 3746 2252 3797 cod.

767 3916 780 3930 .
810 3881 958 3929 ollam
973 3892 993 3932 ,·
1020 3884 1081 3922 ut
1102 3870 1166 3919 sit
1188 3863 1314 3918 ordo
1333 3882 1344 3911 t
1373 3858 1544 3910 sorbet
1569 3854 1799 3903 farratam
1818 3841 1917 3892 olla

1918 3854 1968 3885 m
1980 3871 1995 3895 ,
2015 3844 2066 3882 ct
2085 3830 2257 3879 faecem

1525 3947 1574 3985 et
1605 3932 1823 3981 editores
1856 3914 2113 3987 permulti.

1605 4030 1796 4081 temque
1820 4006 1999 4075 secem.
2036 3998 2131 4053 Sed
2160 3996 2263 4045 hoc
2322 4040 2336 4065 κ
