<?xml version="1.0" encoding="UTF-8"?>
<!DOCTYPE html PUBLIC "-//W3C//DTD XHTML 1.0 Transitional//EN"
    "http://www.w3.org/TR/xhtml1/DTD/xhtml1-transitional.dtd">
<html xmlns="http://www.w3.org/1999/xhtml" xml:lang="en" lang="en">
 <head>
  <title>
</title>
<meta http-equiv="Content-Type" content="text/html;charset=utf-8" />
  <meta name='ocr-system' content='tesseract 3.04.00' />
  <meta name='ocr-capabilities' content='ocr_page ocr_carea ocr_par ocr_line ocrx_word'/>
</head>
<body>
  <div class='ocr_page' id='page_1' title='image "aulipersiiflacc00achagoog_0067.png"; bbox 0 0 2775 4619; ppageno 0'>
   <div class='ocr_carea' id='block_1_1' title="bbox 953 459 1487 524">
    <p class='ocr_par' dir='ltr' id='par_1_1' title="bbox 953 459 1487 524">
     <span class='ocr_line' id='line_1_1' title="bbox 953 459 1487 524; baseline 0 0"><span class='ocrx_word' id='word_1_1' title='bbox 953 459 1370 524; x_wconf 56' lang='lat' dir='ltr'>*SATIRA</span> <span class='ocrx_word' id='word_1_2' title='bbox 1434 459 1487 524; x_wconf 95' lang='grc' dir='ltr'><strong>Ι.</strong></span> 
     </span>
    </p>
   </div>
   <div class='ocr_carea' id='block_1_2' title="bbox 2161 466 2243 529">
    <p class='ocr_par' dir='ltr' id='par_1_2' title="bbox 2161 466 2243 529">
     <span class='ocr_line' id='line_1_2' title="bbox 2161 466 2243 529; baseline 0.012 -1"><span class='ocrx_word' id='word_1_3' title='bbox 2161 466 2243 529; x_wconf 80' lang='lat'><strong>23</strong></span> 
     </span>
    </p>
   </div>
   <div class='ocr_carea' id='block_1_3' title="bbox 283 561 2091 792">
    <p class='ocr_par' dir='ltr' id='par_1_3' title="bbox 283 561 2091 792">
     <span class='ocr_line' id='line_1_3' title="bbox 286 561 1762 673; baseline -0.004 -20"><span class='ocrx_word' id='word_1_4' title='bbox 286 587 491 663; x_wconf 80' lang='lat' dir='ltr'><strong>Ebria</strong></span> <span class='ocrx_word' id='word_1_5' title='bbox 513 601 810 652; x_wconf 79' lang='lat' dir='ltr'><strong>veratro:</strong></span> <span class='ocrx_word' id='word_1_6' title='bbox 841 607 978 648; x_wconf 91' lang='lat' dir='ltr'><strong>non</strong></span> <span class='ocrx_word' id='word_1_7' title='bbox 1013 583 1070 650; x_wconf 84' lang='lat' dir='ltr'><strong>si</strong></span> <span class='ocrx_word' id='word_1_8' title='bbox 1105 561 1236 672; x_wconf 76' lang='lat' dir='ltr'><strong>qua</strong></span> <span class='ocrx_word' id='word_1_9' title='bbox 1269 582 1545 673; x_wconf 80' lang='lat' dir='ltr'><strong>elegidia</strong></span> <span class='ocrx_word' id='word_1_10' title='bbox 1574 582 1762 648; x_wconf 85' lang='lat' dir='ltr'><strong>crudi</strong></span> 
     </span>
     <span class='ocr_line' id='line_1_4' title="bbox 283 697 2091 792; baseline 0 -24"><span class='ocrx_word' id='word_1_11' title='bbox 283 704 638 768; x_wconf 71' lang='lat' dir='ltr'><strong>Dictarunt</strong></span> <span class='ocrx_word' id='word_1_12' title='bbox 671 721 1016 792; x_wconf 83' lang='lat' dir='ltr'>proceres:</span> <span class='ocrx_word' id='word_1_13' title='bbox 1051 723 1189 768; x_wconf 88' lang='lat' dir='ltr'><strong>non</strong></span> <span class='ocrx_word' id='word_1_14' title='bbox 1224 697 1558 790; x_wconf 84' lang='lat' dir='ltr'><strong>quidquid</strong></span> <span class='ocrx_word' id='word_1_15' title='bbox 1590 699 1876 790; x_wconf 80' lang='lat' dir='ltr'><strong>denique</strong></span> <span class='ocrx_word' id='word_1_16' title='bbox 1908 701 2091 770; x_wconf 76' lang='lat' dir='ltr'><strong>lectis</strong></span> 
     </span>
    </p>
   </div>
   <div class='ocr_carea' id='block_1_4' title="bbox 201 911 1206 2995">
    <p class='ocr_par' dir='ltr' id='par_1_4' title="bbox 201 911 1206 2995">
     <span class='ocr_line' id='line_1_5' title="bbox 201 911 1188 983; baseline -0.004 -13"><span class='ocrx_word' id='word_1_17' title='bbox 201 917 510 970; x_wconf 86' lang='lat' dir='ltr'><strong>nis.——-Non</strong></span> <span class='ocrx_word' id='word_1_18' title='bbox 525 917 608 966; x_wconf 76' lang='lat' dir='ltr'><strong>hic</strong></span> <span class='ocrx_word' id='word_1_19' title='bbox 625 930 698 966; x_wconf 83' lang='lat' dir='ltr'><strong>est</strong></span> <span class='ocrx_word' id='word_1_20' title='bbox 709 916 832 972; x_wconf 76' lang='lat' dir='ltr'><strong>Ilias</strong></span> <span class='ocrx_word' id='word_1_21' title='bbox 848 912 988 964; x_wconf 72' lang='lat' dir='ltr'><strong>Aeea‘.</strong></span> <span class='ocrx_word' id='word_1_22' title='bbox 1005 911 1188 983; x_wconf 83' lang='lat' dir='ltr'><strong>Expe-</strong></span> 
     </span>
     <span class='ocr_line' id='line_1_6' title="bbox 203 993 1190 1050; baseline -0.004 -1"><span class='ocrx_word' id='word_1_23' title='bbox 203 997 323 1050; x_wconf 84' lang='lat' dir='ltr'><strong>ditu</strong></span> <span class='ocrx_word' id='word_1_24' title='bbox 349 994 717 1048; x_wconf 83' lang='lat' dir='ltr'><strong>difficillimus</strong></span> <span class='ocrx_word' id='word_1_25' title='bbox 743 994 846 1048; x_wconf 83' lang='lat' dir='ltr'><strong>iste</strong></span> <span class='ocrx_word' id='word_1_26' title='bbox 867 993 1024 1046; x_wconf 81' lang='lat' dir='ltr'><strong>locus</strong></span> <span class='ocrx_word' id='word_1_27' title='bbox 1050 993 1190 1046; x_wconf 86' lang='lat' dir='ltr'><strong>mire</strong></span> 
     </span>
     <span class='ocr_line' id='line_1_7' title="bbox 205 1073 1187 1148; baseline -0.004 -19"><span class='ocrx_word' id='word_1_28' title='bbox 205 1078 536 1148; x_wconf 80' lang='lat' dir='ltr'><strong>interpretes</strong></span> <span class='ocrx_word' id='word_1_29' title='bbox 561 1074 862 1142; x_wconf 69' lang='lat' dir='ltr'><strong>cruciavit5</strong></span> <span class='ocrx_word' id='word_1_30' title='bbox 892 1087 948 1127; x_wconf 88' lang='lat' dir='ltr'><strong>et</strong></span> <span class='ocrx_word' id='word_1_31' title='bbox 974 1073 1150 1144; x_wconf 73' lang='lat' dir='ltr'><strong>reipsa</strong></span> <span class='ocrx_word' id='word_1_32' title='bbox 1169 1109 1187 1138; x_wconf 92' lang='lat'>‚</span> 
     </span>
     <span class='ocr_line' id='line_1_8' title="bbox 205 1136 1191 1214; baseline -0.004 -5"><span class='ocrx_word' id='word_1_33' title='bbox 205 1157 369 1209; x_wconf 79' lang='lat' dir='ltr'><strong>verba</strong></span> <span class='ocrx_word' id='word_1_34' title='bbox 388 1177 492 1207; x_wconf 83' lang='lat' dir='ltr'><strong>non</strong></span> <span class='ocrx_word' id='word_1_35' title='bbox 515 1170 585 1206; x_wconf 84' lang='lat' dir='ltr'><strong>est</strong></span> <span class='ocrx_word' id='word_1_36' title='bbox 601 1153 683 1206; x_wconf 67' lang='lat' dir='ltr'><strong>lu&#39;e</strong></span> <span class='ocrx_word' id='word_1_37' title='bbox 702 1158 816 1208; x_wconf 77' lang='lat' dir='ltr'><strong>Ilias</strong></span> <span class='ocrx_word' id='word_1_38' title='bbox 830 1136 984 1214; x_wconf 57' lang='lat' dir='ltr'><strong>Aeo-1²,</strong></span> <span class='ocrx_word' id='word_1_39' title='bbox 995 1167 1084 1206; x_wconf 83' lang='lat' dir='ltr'><strong>etc.</strong></span> <span class='ocrx_word' id='word_1_40' title='bbox 1101 1171 1191 1206; x_wconf 86' lang='lat' dir='ltr'><strong>us-</strong></span> 
     </span>
     <span class='ocr_line' id='line_1_9' title="bbox 208 1235 1193 1308; baseline -0.001 -20"><span class='ocrx_word' id='word_1_41' title='bbox 208 1255 314 1308; x_wconf 86' lang='lat' dir='ltr'><strong>qne</strong></span> <span class='ocrx_word' id='word_1_42' title='bbox 323 1235 398 1288; x_wconf 84' lang='lat' dir='ltr'><strong>ad</strong></span> <span class='ocrx_word' id='word_1_43' title='bbox 415 1240 634 1288; x_wconf 76' lang='lat' dir='ltr'><strong>calidum</strong></span> <span class='ocrx_word' id='word_1_44' title='bbox 654 1239 770 1296; x_wconf 82' lang='lat' dir='ltr'><strong>scis,</strong></span> <span class='ocrx_word' id='word_1_45' title='bbox 790 1250 906 1297; x_wconf 69' lang='lat' dir='ltr'><strong>ete„</strong></span> <span class='ocrx_word' id='word_1_46' title='bbox 920 1254 1034 1288; x_wconf 86' lang='lat' dir='ltr'><strong>non</strong></span> <span class='ocrx_word' id='word_1_47' title='bbox 1051 1235 1193 1288; x_wconf 85' lang='lat' dir='ltr'><strong>hene</strong></span> 
     </span>
     <span class='ocr_line' id='line_1_10' title="bbox 207 1315 1195 1383; baseline -0.003 -13"><span class='ocrx_word' id='word_1_48' title='bbox 207 1337 332 1370; x_wconf 87' lang='lat' dir='ltr'><strong>cum</strong></span> <span class='ocrx_word' id='word_1_49' title='bbox 348 1318 468 1370; x_wconf 85' lang='lat' dir='ltr'><strong>aliis</strong></span> <span class='ocrx_word' id='word_1_50' title='bbox 489 1315 825 1383; x_wconf 79' lang='lat' dir='ltr'>concordant</span> <span class='ocrx_word' id='word_1_51' title='bbox 836 1354 854 1381; x_wconf 88' lang='lat'>‚</span> <span class='ocrx_word' id='word_1_52' title='bbox 876 1317 988 1369; x_wconf 80' lang='lat' dir='ltr'><strong>sive</strong></span> <span class='ocrx_word' id='word_1_53' title='bbox 1005 1316 1096 1368; x_wconf 87' lang='lat' dir='ltr'><strong>illa</strong></span> <span class='ocrx_word' id='word_1_54' title='bbox 1112 1333 1195 1368; x_wconf 89' lang='lat' dir='ltr'><strong>re-</strong></span> 
     </span>
     <span class='ocr_line' id='line_1_11' title="bbox 205 1395 1194 1470; baseline -0.002 -20"><span class='ocrx_word' id='word_1_55' title='bbox 205 1399 338 1450; x_wconf 79' lang='lat' dir='ltr'><strong>feras</strong></span> <span class='ocrx_word' id='word_1_56' title='bbox 373 1397 446 1450; x_wconf 87' lang='lat' dir='ltr'><strong>ad</strong></span> <span class='ocrx_word' id='word_1_57' title='bbox 480 1403 704 1470; x_wconf 73' lang='lat' dir='ltr'><strong>poetam</strong></span> <span class='ocrx_word' id='word_1_58' title='bbox 736 1398 924 1470; x_wconf 88' lang='lat' dir='ltr'><strong>ipsum</strong></span> <span class='ocrx_word' id='word_1_59' title='bbox 942 1435 959 1461; x_wconf 92' lang='lat'>,</span> <span class='ocrx_word' id='word_1_60' title='bbox 987 1398 1097 1451; x_wconf 78' lang='lat' dir='ltr'><strong>sive</strong></span> <span class='ocrx_word' id='word_1_61' title='bbox 1124 1395 1194 1454; x_wconf 86' lang='lat' dir='ltr'><strong>ad</strong></span> 
     </span>
     <span class='ocr_line' id='line_1_12' title="bbox 203 1474 1193 1551; baseline 0 -21"><span class='ocrx_word' id='word_1_62' title='bbox 203 1479 369 1531; x_wconf 85' lang='lat' dir='ltr'><strong>alium</strong></span> <span class='ocrx_word' id='word_1_63' title='bbox 390 1497 673 1551; x_wconf 83' lang='lat' dir='ltr'><strong>quemque</strong></span> <span class='ocrx_word' id='word_1_64' title='bbox 689 1498 702 1530; x_wconf 78' lang='grc' dir='ltr'><strong><em>ε</em></strong></span> <span class='ocrx_word' id='word_1_65' title='bbox 723 1475 875 1532; x_wconf 87' lang='lat' dir='ltr'><strong>unde</strong></span> <span class='ocrx_word' id='word_1_66' title='bbox 889 1474 988 1532; x_wconf 82' lang='lat' dir='ltr'><strong>hos</strong></span> <span class='ocrx_word' id='word_1_67' title='bbox 1002 1494 1193 1532; x_wconf 83' lang='lat' dir='ltr'><strong>versus</strong></span> 
     </span>
     <span class='ocr_line' id='line_1_13' title="bbox 207 1557 1192 1631; baseline 0 -21"><span class='ocrx_word' id='word_1_68' title='bbox 207 1559 570 1631; x_wconf 86' lang='lat' dir='ltr'><strong>interpolatos</strong></span> <span class='ocrx_word' id='word_1_69' title='bbox 608 1595 627 1624; x_wconf 85' lang='lat'>,</span> <span class='ocrx_word' id='word_1_70' title='bbox 685 1575 780 1614; x_wconf 82' lang='lat' dir='ltr'><strong>seu</strong></span> <span class='ocrx_word' id='word_1_71' title='bbox 836 1557 1192 1630; x_wconf 87' lang='lat' dir='ltr'><strong>transpositos</strong></span> 
     </span>
     <span class='ocr_line' id='line_1_14' title="bbox 209 1638 1192 1713; baseline 0 -21"><span class='ocrx_word' id='word_1_72' title='bbox 209 1639 478 1712; x_wconf 78' lang='lat' dir='ltr'><strong>suspicari</strong></span> <span class='ocrx_word' id='word_1_73' title='bbox 527 1638 701 1712; x_wconf 81' lang='lat' dir='ltr'><strong>possis</strong></span> <span class='ocrx_word' id='word_1_74' title='bbox 720 1677 738 1703; x_wconf 85' lang='lat'>‚</span> <span class='ocrx_word' id='word_1_75' title='bbox 777 1659 917 1713; x_wconf 86' lang='lat' dir='ltr'><strong>quos</strong></span> <span class='ocrx_word' id='word_1_76' title='bbox 971 1651 1150 1693; x_wconf 85' lang='lat' dir='ltr'><strong>tamen</strong></span> <span class='ocrx_word' id='word_1_77' title='bbox 1173 1677 1192 1704; x_wconf 87' lang='lat'>‚</span> 
     </span>
     <span class='ocr_line' id='line_1_15' title="bbox 211 1716 1194 1794; baseline -0.002 -21"><span class='ocrx_word' id='word_1_78' title='bbox 211 1724 334 1774; x_wconf 78' lang='lat' dir='ltr'><strong>cum</strong></span> <span class='ocrx_word' id='word_1_79' title='bbox 367 1721 426 1772; x_wconf 87' lang='lat' dir='ltr'><strong>in</strong></span> <span class='ocrx_word' id='word_1_80' title='bbox 460 1721 720 1775; x_wconf 87' lang='lat' dir='ltr'><strong>omnihus</strong></span> <span class='ocrx_word' id='word_1_81' title='bbox 755 1716 1102 1794; x_wconf 83' lang='lat' dir='ltr'><strong>reperiantur</strong></span> <span class='ocrx_word' id='word_1_82' title='bbox 1127 1719 1194 1772; x_wconf 90' lang='lat' dir='ltr'><strong>li-</strong></span> 
     </span>
     <span class='ocr_line' id='line_1_16' title="bbox 209 1797 1194 1876; baseline 0 -22"><span class='ocrx_word' id='word_1_83' title='bbox 209 1801 320 1854; x_wconf 85' lang='lat' dir='ltr'><strong>bris</strong></span> <span class='ocrx_word' id='word_1_84' title='bbox 337 1839 356 1866; x_wconf 82' lang='lat'>,</span> <span class='ocrx_word' id='word_1_85' title='bbox 375 1800 732 1876; x_wconf 86' lang='lat' dir='ltr'><strong>interpretari</strong></span> <span class='ocrx_word' id='word_1_86' title='bbox 754 1819 984 1874; x_wconf 88' lang='lat' dir='ltr'><strong>quoquo</strong></span> <span class='ocrx_word' id='word_1_87' title='bbox 997 1797 1164 1854; x_wconf 86' lang='lat' dir='ltr'><strong>modo</strong></span> <span class='ocrx_word' id='word_1_88' title='bbox 1175 1838 1194 1865; x_wconf 87' lang='lat'>‚</span> 
     </span>
     <span class='ocr_line' id='line_1_17' title="bbox 207 1881 1196 1958; baseline 0 -23"><span class='ocrx_word' id='word_1_89' title='bbox 207 1895 372 1956; x_wconf 79' lang='lat' dir='ltr'><strong>‘atque</strong></span> <span class='ocrx_word' id='word_1_90' title='bbox 417 1881 861 1958; x_wconf 63' lang='lat' dir='ltr'><strong>praecedentibus</strong></span> <span class='ocrx_word' id='word_1_91' title='bbox 909 1896 964 1936; x_wconf 90' lang='lat' dir='ltr'><strong>et</strong></span> <span class='ocrx_word' id='word_1_92' title='bbox 1007 1901 1196 1936; x_wconf 86' lang='lat' dir='ltr'><strong>conse-</strong></span> 
     </span>
     <span class='ocr_line' id='line_1_18' title="bbox 212 1963 1197 2037; baseline 0 -22"><span class='ocrx_word' id='word_1_93' title='bbox 212 1964 512 2036; x_wconf 81' lang='lat' dir='ltr'><strong>quentibus</strong></span> <span class='ocrx_word' id='word_1_94' title='bbox 558 1975 776 2018; x_wconf 82' lang='lat' dir='ltr'><strong>nectere</strong></span> <span class='ocrx_word' id='word_1_95' title='bbox 824 1976 1065 2037; x_wconf 84' lang='lat' dir='ltr'><strong>oportet.</strong></span> <span class='ocrx_word' id='word_1_96' title='bbox 1111 1963 1197 2015; x_wconf 89' lang='lat' dir='ltr'><strong>En</strong></span> 
     </span>
     <span class='ocr_line' id='line_1_19' title="bbox 210 2037 1196 2119; baseline -0.001 -21"><span class='ocrx_word' id='word_1_97' title='bbox 210 2037 378 2118; x_wconf 77' lang='lat' dir='ltr'><strong>igitur</strong></span> <span class='ocrx_word' id='word_1_98' title='bbox 395 2085 413 2111; x_wconf 90' lang='lat'>,</span> <span class='ocrx_word' id='word_1_99' title='bbox 435 2043 754 2119; x_wconf 85' lang='lat' dir='ltr'><strong>paraphrasi</strong></span> <span class='ocrx_word' id='word_1_100' title='bbox 774 2044 1018 2099; x_wconf 75' lang='lat' dir='ltr'><strong>adhibita</strong></span> <span class='ocrx_word' id='word_1_101' title='bbox 1035 2083 1052 2111; x_wconf 87' lang='lat'>‚</span> <span class='ocrx_word' id='word_1_102' title='bbox 1073 2063 1196 2117; x_wconf 77' lang='lat' dir='ltr'><strong>quae</strong></span> 
     </span>
     <span class='ocr_line' id='line_1_20' title="bbox 211 2125 1192 2198; baseline -0.003 -20"><span class='ocrx_word' id='word_1_103' title='bbox 211 2127 370 2178; x_wconf 87' lang='lat' dir='ltr'><strong>nobis</strong></span> <span class='ocrx_word' id='word_1_104' title='bbox 405 2126 595 2198; x_wconf 85' lang='lat' dir='ltr'><strong>potior</strong></span> <span class='ocrx_word' id='word_1_105' title='bbox 626 2126 736 2180; x_wconf 82' lang='lat' dir='ltr'><strong>visa</strong></span> <span class='ocrx_word' id='word_1_106' title='bbox 771 2139 853 2178; x_wconf 87' lang='lat' dir='ltr'><strong>est</strong></span> <span class='ocrx_word' id='word_1_107' title='bbox 888 2125 1154 2178; x_wconf 81' lang='lat' dir='ltr'><strong>sententia</strong></span> <span class='ocrx_word' id='word_1_108' title='bbox 1177 2143 1192 2175; x_wconf 69' lang='grc' dir='ltr'><strong>ε</strong></span> 
     </span>
     <span class='ocr_line' id='line_1_21' title="bbox 209 2205 1196 2279; baseline -0.003 -21"><span class='ocrx_word' id='word_1_109' title='bbox 209 2209 318 2279; x_wconf 65' lang='lat' dir='ltr'><strong>¹jam</strong></span> <span class='ocrx_word' id='word_1_110' title='bbox 341 2205 484 2260; x_wconf 82' lang='lat' dir='ltr'><strong>dixit</strong></span> <span class='ocrx_word' id='word_1_111' title='bbox 504 2224 517 2256; x_wconf 72' lang='grc' dir='ltr'><em>τ</em></span> <span class='ocrx_word' id='word_1_112' title='bbox 541 2225 658 2256; x_wconf 82' lang='lat' dir='ltr'><strong>nam</strong></span> <span class='ocrx_word' id='word_1_113' title='bbox 682 2209 804 2256; x_wconf 82' lang='lat' dir='ltr'><strong>belle</strong></span> <span class='ocrx_word' id='word_1_114' title='bbox 821 2208 913 2258; x_wconf 78' lang='lat' dir='ltr'><strong>hoc</strong></span> <span class='ocrx_word' id='word_1_115' title='bbox 931 2220 1108 2263; x_wconf 74' lang='lat' dir='ltr'><strong>excute</strong></span> <span class='ocrx_word' id='word_1_116' title='bbox 1123 2219 1196 2256; x_wconf 80' lang='lat' dir='ltr'><strong>to·</strong></span> 
     </span>
     <span class='ocr_line' id='line_1_22' title="bbox 214 2283 1197 2355; baseline -0.002 -18"><span class='ocrx_word' id='word_1_117' title='bbox 214 2303 313 2339; x_wconf 82' lang='lat' dir='ltr'><strong>tum</strong></span> <span class='ocrx_word' id='word_1_118' title='bbox 329 2308 352 2348; x_wconf 89' lang='lat'><em>;</em></span> <span class='ocrx_word' id='word_1_119' title='bbox 376 2289 510 2355; x_wconf 80' lang='lat' dir='ltr'><strong>quid</strong></span> <span class='ocrx_word' id='word_1_120' title='bbox 529 2305 629 2338; x_wconf 84' lang='lat' dir='ltr'><strong>non</strong></span> <span class='ocrx_word' id='word_1_121' title='bbox 653 2289 782 2339; x_wconf 81' lang='lat' dir='ltr'><strong>intus</strong></span> <span class='ocrx_word' id='word_1_122' title='bbox 807 2289 994 2339; x_wconf 72' lang='lat' dir='ltr'><strong>habet?</strong></span> <span class='ocrx_word' id='word_1_123' title='bbox 1011 2283 1197 2340; x_wconf 63' lang='lat' dir='ltr'><strong>adula-</strong></span> 
     </span>
     <span class='ocr_line' id='line_1_23' title="bbox 213 2368 1198 2443; baseline -0.001 -22"><span class='ocrx_word' id='word_1_124' title='bbox 213 2368 412 2433; x_wconf 79' lang='lat' dir='ltr'><strong>tioniS‚</strong></span> <span class='ocrx_word' id='word_1_125' title='bbox 441 2369 669 2424; x_wconf 85' lang='lat' dir='ltr'><strong>scilicet.</strong></span> <span class='ocrx_word' id='word_1_126' title='bbox 709 2368 836 2423; x_wconf 75' lang='lat' dir='ltr'><strong>Istae</strong></span> <span class='ocrx_word' id='word_1_127' title='bbox 866 2368 1198 2443; x_wconf 80' lang='lat' dir='ltr'><strong>plerumque</strong></span> 
     </span>
     <span class='ocr_line' id='line_1_24' title="bbox 215 2448 1198 2521; baseline -0.002 -19"><span class='ocrx_word' id='word_1_128' title='bbox 215 2450 626 2503; x_wconf 82' lang='lat' dir='ltr'><strong>acclamationes</strong></span> <span class='ocrx_word' id='word_1_129' title='bbox 649 2488 666 2517; x_wconf 90' lang='lat'><strong>,</strong></span> <span class='ocrx_word' id='word_1_130' title='bbox 709 2448 810 2503; x_wconf 86' lang='lat' dir='ltr'><strong>ista</strong></span> <span class='ocrx_word' id='word_1_131' title='bbox 864 2450 1034 2521; x_wconf 84' lang='lat' dir='ltr'><strong>elogia</strong></span> <span class='ocrx_word' id='word_1_132' title='bbox 1059 2488 1076 2513; x_wconf 87' lang='lat'><strong>,</strong></span> <span class='ocrx_word' id='word_1_133' title='bbox 1112 2448 1198 2501; x_wconf 81' lang='lat' dir='ltr'><strong>vel</strong></span> 
     </span>
     <span class='ocr_line' id='line_1_25' title="bbox 209 2531 1199 2603; baseline 0 -21"><span class='ocrx_word' id='word_1_134' title='bbox 209 2532 459 2603; x_wconf 78' lang='lat' dir='ltr'><strong>&#39;turpiter</strong></span> <span class='ocrx_word' id='word_1_135' title='bbox 475 2531 800 2583; x_wconf 87' lang='lat' dir='ltr'><strong>muneribus</strong></span> <span class='ocrx_word' id='word_1_136' title='bbox 821 2543 1199 2602; x_wconf 83' lang='lat' dir='ltr'><strong>corrogantur,</strong></span> 
     </span>
     <span class='ocr_line' id='line_1_26' title="bbox 215 2610 1200 2683; baseline -0.002 -18"><span class='ocrx_word' id='word_1_137' title='bbox 215 2612 301 2665; x_wconf 77' lang='lat' dir='ltr'><strong>&#39;vel</strong></span> <span class='ocrx_word' id='word_1_138' title='bbox 313 2632 340 2664; x_wconf 88' lang='lat' dir='ltr'><strong>a</strong></span> <span class='ocrx_word' id='word_1_139' title='bbox 355 2612 542 2665; x_wconf 84' lang='lat' dir='ltr'><strong>stultis</strong></span> <span class='ocrx_word' id='word_1_140' title='bbox 563 2624 618 2664; x_wconf 89' lang='lat' dir='ltr'><strong>et</strong></span> <span class='ocrx_word' id='word_1_141' title='bbox 636 2611 837 2683; x_wconf 83' lang='lat' dir='ltr'><strong>ineptis</strong></span> <span class='ocrx_word' id='word_1_142' title='bbox 851 2610 1200 2664; x_wconf 77' lang='lat' dir='ltr'><strong>auditoribus</strong></span> 
     </span>
     <span class='ocr_line' id='line_1_27' title="bbox 218 2689 1201 2761; baseline -0.003 -19"><span class='ocrx_word' id='word_1_143' title='bbox 218 2690 604 2746; x_wconf 84' lang='lat' dir='ltr'><strong>conceduntur</strong></span> <span class='ocrx_word' id='word_1_144' title='bbox 645 2711 658 2741; x_wconf 78' lang='lat' dir='ltr'><em>z</em></span> <span class='ocrx_word' id='word_1_145' title='bbox 706 2690 795 2743; x_wconf 81' lang='lat' dir='ltr'><strong>his</strong></span> <span class='ocrx_word' id='word_1_146' title='bbox 841 2690 1012 2761; x_wconf 86' lang='lat' dir='ltr'><strong>igitur</strong></span> <span class='ocrx_word' id='word_1_147' title='bbox 1065 2689 1201 2741; x_wconf 85' lang='lat' dir='ltr'><strong>mihi</strong></span> 
     </span>
     <span class='ocr_line' id='line_1_28' title="bbox 217 2764 1200 2842; baseline -0.005 -18"><span class='ocrx_word' id='word_1_148' title='bbox 217 2772 372 2826; x_wconf 89' lang='lat' dir='ltr'><strong>nullo</strong></span> <span class='ocrx_word' id='word_1_149' title='bbox 387 2769 554 2824; x_wconf 88' lang='lat' dir='ltr'><strong>modo</strong></span> <span class='ocrx_word' id='word_1_150' title='bbox 565 2788 708 2841; x_wconf 85' lang='lat' dir='ltr'><strong>opus</strong></span> <span class='ocrx_word' id='word_1_151' title='bbox 725 2780 805 2827; x_wconf 89' lang='lat' dir='ltr'><strong>est</strong></span> <span class='ocrx_word' id='word_1_152' title='bbox 822 2789 835 2821; x_wconf 90' lang='lat'><strong>:</strong></span> <span class='ocrx_word' id='word_1_153' title='bbox 856 2764 994 2842; x_wconf 83' lang='lat' dir='ltr'><strong>quin</strong></span> <span class='ocrx_word' id='word_1_154' title='bbox 1008 2770 1200 2833; x_wconf 86' lang='lat' dir='ltr'><strong>immo,</strong></span> 
     </span>
     <span class='ocr_line' id='line_1_29' title="bbox 217 2847 1203 2913; baseline -0.004 -10"><span class='ocrx_word' id='word_1_155' title='bbox 217 2852 276 2903; x_wconf 81' lang='lat' dir='ltr'><strong>ea</strong></span> <span class='ocrx_word' id='word_1_156' title='bbox 323 2864 622 2903; x_wconf 87' lang='lat' dir='ltr'><strong>contemno</strong></span> <span class='ocrx_word' id='word_1_157' title='bbox 655 2870 668 2902; x_wconf 71' lang='grc' dir='ltr'><strong><em>ε</em></strong></span> <span class='ocrx_word' id='word_1_158' title='bbox 706 2868 830 2901; x_wconf 87' lang='lat' dir='ltr'><strong>nam</strong></span> <span class='ocrx_word' id='word_1_159' title='bbox 861 2887 878 2913; x_wconf 82' lang='lat'><strong>,</strong></span> <span class='ocrx_word' id='word_1_160' title='bbox 918 2867 1020 2900; x_wconf 90' lang='lat' dir='ltr'><strong>nec</strong></span> <span class='ocrx_word' id='word_1_161' title='bbox 1065 2847 1203 2899; x_wconf 88' lang='lat' dir='ltr'><strong>mihi</strong></span> 
     </span>
     <span class='ocr_line' id='line_1_30' title="bbox 220 2926 1206 2995; baseline -0.005 -12"><span class='ocrx_word' id='word_1_162' title='bbox 220 2932 342 2985; x_wconf 87' lang='lat' dir='ltr'><strong>Ilias</strong></span> <span class='ocrx_word' id='word_1_163' title='bbox 369 2930 646 2987; x_wconf 86' lang='lat' dir='ltr'><strong>recitanda</strong></span> <span class='ocrx_word' id='word_1_164' title='bbox 679 2942 794 2995; x_wconf 88' lang='lat' dir='ltr'><strong>est,</strong></span> <span class='ocrx_word' id='word_1_165' title='bbox 824 2942 887 2987; x_wconf 91' lang='lat' dir='ltr'><strong>ut</strong></span> <span class='ocrx_word' id='word_1_166' title='bbox 917 2928 1077 2981; x_wconf 87' lang='lat' dir='ltr'><strong>Accio</strong></span> <span class='ocrx_word' id='word_1_167' title='bbox 1108 2926 1206 2979; x_wconf 91' lang='lat' dir='ltr'><strong>La-</strong></span> 
     </span>
    </p>
   </div>
   <div class='ocr_carea' id='block_1_5' title="bbox 213 3006 1247 3082">
    <p class='ocr_par' dir='ltr' id='par_1_5' title="bbox 213 3006 1247 3082">
     <span class='ocr_line' id='line_1_31' title="bbox 213 3006 1247 3082; baseline -0.006 -18"><span class='ocrx_word' id='word_1_168' title='bbox 213 3012 382 3064; x_wconf 77' lang='lat' dir='ltr'><strong>beoni</strong></span> <span class='ocrx_word' id='word_1_169' title='bbox 396 3050 413 3077; x_wconf 90' lang='lat'><strong>,</strong></span> <span class='ocrx_word' id='word_1_170' title='bbox 430 3030 532 3063; x_wconf 91' lang='lat' dir='ltr'><strong>nec</strong></span> <span class='ocrx_word' id='word_1_171' title='bbox 547 3011 682 3063; x_wconf 86' lang='lat' dir='ltr'><strong>mihi</strong></span> <span class='ocrx_word' id='word_1_172' title='bbox 702 3009 929 3082; x_wconf 80' lang='lat' dir='ltr'><strong>elegidia</strong></span> <span class='ocrx_word' id='word_1_173' title='bbox 945 3006 1200 3061; x_wconf 84' lang='lat' dir='ltr'><strong>dictanda</strong></span> <span class='ocrx_word' id='word_1_174' title='bbox 1244 3025 1247 3027; x_wconf 89' lang='lat'>·</span> 
     </span>
    </p>
   </div>
   <div class='ocr_carea' id='block_1_6' title="bbox 215 3086 1209 3719">
    <p class='ocr_par' dir='ltr' id='par_1_6' title="bbox 215 3086 1209 3719">
     <span class='ocr_line' id='line_1_32' title="bbox 215 3086 1200 3167; baseline -0.006 -22"><span class='ocrx_word' id='word_1_175' title='bbox 215 3106 386 3167; x_wconf 73' lang='lat' dir='ltr'><strong>sunt,</strong></span> <span class='ocrx_word' id='word_1_176' title='bbox 427 3106 490 3145; x_wconf 90' lang='lat' dir='ltr'><strong>ut</strong></span> <span class='ocrx_word' id='word_1_177' title='bbox 531 3090 902 3165; x_wconf 77' lang='lat' dir='ltr'><strong>proceribus,¹</strong></span> <span class='ocrx_word' id='word_1_178' title='bbox 927 3108 1030 3144; x_wconf 89' lang='lat' dir='ltr'><strong>nec</strong></span> <span class='ocrx_word' id='word_1_179' title='bbox 1065 3086 1200 3141; x_wconf 86' lang='lat' dir='ltr'><strong>mihi</strong></span> 
     </span>
     <span class='ocr_line' id='line_1_33' title="bbox 221 3169 1202 3245; baseline -0.006 -18"><span class='ocrx_word' id='word_1_180' title='bbox 221 3192 361 3245; x_wconf 83' lang='lat' dir='ltr'><strong>opus</strong></span> <span class='ocrx_word' id='word_1_181' title='bbox 382 3173 736 3228; x_wconf 87' lang='lat' dir='ltr'><strong>scribendum</strong></span> <span class='ocrx_word' id='word_1_182' title='bbox 762 3186 844 3225; x_wconf 89' lang='lat' dir='ltr'><strong>est</strong></span> <span class='ocrx_word' id='word_1_183' title='bbox 867 3172 924 3223; x_wconf 91' lang='lat' dir='ltr'><strong>in</strong></span> <span class='ocrx_word' id='word_1_184' title='bbox 951 3170 1105 3223; x_wconf 86' lang='lat' dir='ltr'><strong>lectis</strong></span> <span class='ocrx_word' id='word_1_185' title='bbox 1127 3169 1202 3222; x_wconf 92' lang='lat' dir='ltr'><strong>ci-</strong></span> 
     </span>
     <span class='ocr_line' id='line_1_34' title="bbox 223 3248 1202 3321; baseline -0.007 -15"><span class='ocrx_word' id='word_1_186' title='bbox 223 3254 386 3319; x_wconf 83' lang='lat' dir='ltr'><strong>treis;</strong></span> <span class='ocrx_word' id='word_1_187' title='bbox 411 3252 596 3305; x_wconf 86' lang='lat' dir='ltr'><strong>satiras</strong></span> <span class='ocrx_word' id='word_1_188' title='bbox 616 3250 794 3304; x_wconf 88' lang='lat' dir='ltr'><strong>scribo</strong></span> <span class='ocrx_word' id='word_1_189' title='bbox 814 3269 827 3301; x_wconf 74' lang='grc' dir='ltr'><em>τ</em></span> <span class='ocrx_word' id='word_1_190' title='bbox 859 3248 1012 3321; x_wconf 90' lang='lat' dir='ltr'><strong>quod</strong></span> <span class='ocrx_word' id='word_1_191' title='bbox 1032 3266 1202 3321; x_wconf 85' lang='lat' dir='ltr'><strong>genus</strong></span> 
     </span>
     <span class='ocr_line' id='line_1_35' title="bbox 221 3328 1204 3405; baseline -0.007 -19"><span class='ocrx_word' id='word_1_192' title='bbox 221 3330 440 3405; x_wconf 81' lang='lat' dir='ltr'><strong>profani</strong></span> <span class='ocrx_word' id='word_1_193' title='bbox 464 3333 794 3385; x_wconf 88' lang='lat' dir='ltr'><strong>inaccessum</strong></span> <span class='ocrx_word' id='word_1_194' title='bbox 809 3330 959 3401; x_wconf 76' lang='lat' dir='ltr'><strong>vulgi</strong></span> <span class='ocrx_word' id='word_1_195' title='bbox 977 3328 1204 3381; x_wconf 86' lang='lat' dir='ltr'><strong>auribus</strong></span> 
     </span>
     <span class='ocr_line' id='line_1_36' title="bbox 221 3410 1203 3485; baseline -0.008 -19"><span class='ocrx_word' id='word_1_196' title='bbox 221 3412 559 3485; x_wconf 74' lang='lat' dir='ltr'><strong>&#39;sapientibus</strong></span> <span class='ocrx_word' id='word_1_197' title='bbox 592 3410 928 3483; x_wconf 77' lang='lat' dir='ltr'><strong>paucissimis</strong></span> <span class='ocrx_word' id='word_1_198' title='bbox 953 3422 1167 3463; x_wconf 86' lang='lat' dir='ltr'><strong>tantum</strong></span> <span class='ocrx_word' id='word_1_199' title='bbox 1185 3444 1203 3476; x_wconf 84' lang='lat'><strong><em>‚</em></strong></span> 
     </span>
     <span class='ocr_line' id='line_1_37' title="bbox 227 3490 1208 3567; baseline -0.008 -22"><span class='ocrx_word' id='word_1_200' title='bbox 227 3504 280 3545; x_wconf 88' lang='lat' dir='ltr'><strong>et</strong></span> <span class='ocrx_word' id='word_1_201' title='bbox 291 3491 480 3567; x_wconf 82' lang='lat' dir='ltr'><strong>probis</strong></span> <span class='ocrx_word' id='word_1_202' title='bbox 499 3510 618 3544; x_wconf 88' lang='lat' dir='ltr'><strong>esca</strong></span> <span class='ocrx_word' id='word_1_203' title='bbox 637 3502 956 3543; x_wconf 78' lang='lat' dir='ltr'><strong>reservatur.</strong></span> <span class='ocrx_word' id='word_1_204' title='bbox 969 3490 1060 3541; x_wconf 90' lang='lat' dir='ltr'><strong>Tu</strong></span> <span class='ocrx_word' id='word_1_205' title='bbox 1079 3506 1208 3539; x_wconf 90' lang='lat' dir='ltr'><strong>con·</strong></span> 
     </span>
     <span class='ocr_line' id='line_1_38' title="bbox 225 3568 1208 3637; baseline -0.01 -11"><span class='ocrx_word' id='word_1_206' title='bbox 225 3583 306 3637; x_wconf 76' lang='lat' dir='ltr'><strong>tra</strong></span> <span class='ocrx_word' id='word_1_207' title='bbox 326 3571 480 3625; x_wconf 80' lang='lat' dir='ltr'><strong>dives</strong></span> <span class='ocrx_word' id='word_1_208' title='bbox 507 3571 769 3624; x_wconf 82' lang='lat' dir='ltr'><strong>esurienti</strong></span> <span class='ocrx_word' id='word_1_209' title='bbox 789 3568 1099 3623; x_wconf 79' lang='lat' dir='ltr'><strong>assentaturi</strong></span> <span class='ocrx_word' id='word_1_210' title='bbox 1121 3586 1208 3617; x_wconf 84' lang='lat' dir='ltr'><strong>ca·</strong></span> 
     </span>
     <span class='ocr_line' id='line_1_39' title="bbox 226 3647 1209 3719; baseline -0.006 -15"><span class='ocrx_word' id='word_1_211' title='bbox 226 3656 380 3704; x_wconf 75' lang='lat' dir='ltr'><strong>lidum</strong></span> <span class='ocrx_word' id='word_1_212' title='bbox 415 3654 506 3704; x_wconf 71' lang='lat' dir='ltr'><strong>scis</strong></span> <span class='ocrx_word' id='word_1_213' title='bbox 533 3670 724 3719; x_wconf 82' lang='lat' dir='ltr'><strong>ponere</strong></span> <span class='ocrx_word' id='word_1_214' title='bbox 759 3668 924 3701; x_wconf 77' lang='lat' dir='ltr'><strong>sumen</strong></span> <span class='ocrx_word' id='word_1_215' title='bbox 945 3669 968 3709; x_wconf 90' lang='lat'><em>;</em></span> <span class='ocrx_word' id='word_1_216' title='bbox 1007 3647 1209 3719; x_wconf 83' lang='lat' dir='ltr'><strong>frigore</strong></span> 
     </span>
    </p>
   </div>
   <div class='ocr_carea' id='block_1_7' title="bbox 1265 909 2258 1788">
    <p class='ocr_par' dir='ltr' id='par_1_7' title="bbox 1265 909 2258 1788">
     <span class='ocr_line' id='line_1_40' title="bbox 1265 909 2247 986; baseline 0.004 -23"><span class='ocrx_word' id='word_1_217' title='bbox 1265 909 1609 970; x_wconf 79' lang='lat' dir='ltr'><strong>scribendam</strong></span> <span class='ocrx_word' id='word_1_218' title='bbox 1653 912 1827 968; x_wconf 65' lang='lat' dir='ltr'><strong>multa</strong></span> <span class='ocrx_word' id='word_1_219' title='bbox 1862 913 2086 986; x_wconf 85' lang='lat' dir='ltr'><strong>potione</strong></span> <span class='ocrx_word' id='word_1_220' title='bbox 2122 914 2247 978; x_wconf 81' lang='lat' dir='ltr'><strong>elle-</strong></span> 
     </span>
     <span class='ocr_line' id='line_1_41' title="bbox 1265 991 2251 1063; baseline 0.004 -19"><span class='ocrx_word' id='word_1_221' title='bbox 1265 991 1389 1045; x_wconf 80' lang='lat' dir='ltr'><strong>bori</strong></span> <span class='ocrx_word' id='word_1_222' title='bbox 1399 992 1565 1049; x_wconf 82' lang='lat' dir='ltr'><strong>Accio</strong></span> <span class='ocrx_word' id='word_1_223' title='bbox 1578 1011 1722 1063; x_wconf 86' lang='lat' dir='ltr'><strong>opus</strong></span> <span class='ocrx_word' id='word_1_224' title='bbox 1738 993 1766 1045; x_wconf 84' lang='lat' dir='ltr'><strong>s</strong></span> <span class='ocrx_word' id='word_1_225' title='bbox 1763 993 1915 1046; x_wconf 88' lang='lat' dir='ltr'><strong>uerit.</strong></span> <span class='ocrx_word' id='word_1_226' title='bbox 1930 993 2251 1048; x_wconf 86' lang='lat' dir='ltr'><strong>Elleborum</strong></span> 
     </span>
     <span class='ocr_line' id='line_1_42' title="bbox 1266 1071 2249 1138; baseline 0.001 -13"><span class='ocrx_word' id='word_1_227' title='bbox 1266 1084 1450 1128; x_wconf 82' lang='lat' dir='ltr'><strong>autem</strong></span> <span class='ocrx_word' id='word_1_228' title='bbox 1468 1071 1537 1124; x_wconf 84' lang='lat' dir='ltr'><strong>ad</strong></span> <span class='ocrx_word' id='word_1_229' title='bbox 1556 1071 1909 1131; x_wconf 82' lang='lat' dir='ltr'><strong>excitandum</strong></span> <span class='ocrx_word' id='word_1_230' title='bbox 1928 1073 2147 1138; x_wconf 77' lang='lat' dir='ltr'><strong>tardum</strong></span> <span class='ocrx_word' id='word_1_231' title='bbox 2166 1075 2249 1126; x_wconf 89' lang='lat' dir='ltr'><strong>in-</strong></span> 
     </span>
     <span class='ocr_line' id='line_1_43' title="bbox 1266 1154 2252 1226; baseline 0 -20"><span class='ocrx_word' id='word_1_232' title='bbox 1266 1154 1491 1226; x_wconf 77' lang='lat' dir='ltr'><strong>genium</strong></span> <span class='ocrx_word' id='word_1_233' title='bbox 1510 1166 1623 1210; x_wconf 78' lang='lat' dir='ltr'><strong>erat</strong></span> <span class='ocrx_word' id='word_1_234' title='bbox 1642 1154 1979 1226; x_wconf 84' lang='lat' dir='ltr'><strong>aptissimum</strong></span> <span class='ocrx_word' id='word_1_235' title='bbox 1996 1191 2013 1219; x_wconf 86' lang='lat'>‚</span> <span class='ocrx_word' id='word_1_236' title='bbox 2039 1173 2112 1210; x_wconf 83' lang='lat' dir='ltr'><strong>ex</strong></span> <span class='ocrx_word' id='word_1_237' title='bbox 2131 1155 2252 1226; x_wconf 85' lang='lat' dir='ltr'><strong>opi-</strong></span> 
     </span>
     <span class='ocr_line' id='line_1_44' title="bbox 1271 1233 2250 1298; baseline 0 -12"><span class='ocrx_word' id='word_1_238' title='bbox 1271 1233 1437 1288; x_wconf 87' lang='lat' dir='ltr'><strong>nione</strong></span> <span class='ocrx_word' id='word_1_239' title='bbox 1470 1245 1721 1287; x_wconf 21' lang='lat' dir='ltr'><strong>*veterum</strong></span> <span class='ocrx_word' id='word_1_240' title='bbox 1754 1253 1770 1298; x_wconf 67' lang='grc' dir='ltr'><strong><em>ς</em></strong></span> <span class='ocrx_word' id='word_1_241' title='bbox 1816 1246 1871 1286; x_wconf 90' lang='lat' dir='ltr'><strong>et</strong></span> <span class='ocrx_word' id='word_1_242' title='bbox 1921 1246 2118 1286; x_wconf 87' lang='lat' dir='ltr'><strong>notum</strong></span> <span class='ocrx_word' id='word_1_243' title='bbox 2165 1235 2250 1288; x_wconf 82' lang='lat' dir='ltr'><strong>vel</strong></span> 
     </span>
     <span class='ocr_line' id='line_1_45' title="bbox 1271 1312 2253 1390; baseline -0.002 -23"><span class='ocrx_word' id='word_1_244' title='bbox 1271 1315 1521 1390; x_wconf 82' lang='lat' dir='ltr'><strong>exemplo</strong></span> <span class='ocrx_word' id='word_1_245' title='bbox 1532 1312 2253 1387; x_wconf 80' lang='lat' dir='ltr'><strong>CarneadisAcademici,qui</strong></span> 
     </span>
     <span class='ocr_line' id='line_1_46' title="bbox 1273 1390 2255 1468; baseline -0.002 -20"><span class='ocrx_word' id='word_1_246' title='bbox 1273 1394 1466 1457; x_wconf 82' lang='lat' dir='ltr'><strong>solitus</strong></span> <span class='ocrx_word' id='word_1_247' title='bbox 1493 1395 1732 1456; x_wconf 82' lang='lat' dir='ltr'><strong>elleboro</strong></span> <span class='ocrx_word' id='word_1_248' title='bbox 1765 1390 1984 1468; x_wconf 83' lang='lat' dir='ltr'><strong>purgari</strong></span> <span class='ocrx_word' id='word_1_249' title='bbox 2000 1432 2018 1458; x_wconf 88' lang='lat'><strong>‚</strong></span> <span class='ocrx_word' id='word_1_250' title='bbox 2041 1395 2255 1466; x_wconf 86' lang='lat' dir='ltr'><strong>quoties</strong></span> 
     </span>
     <span class='ocr_line' id='line_1_47' title="bbox 1273 1475 2256 1532; baseline -0.002 -3"><span class='ocrx_word' id='word_1_251' title='bbox 1273 1495 1403 1530; x_wconf 89' lang='lat' dir='ltr'><strong>cum</strong></span> <span class='ocrx_word' id='word_1_252' title='bbox 1438 1477 1655 1530; x_wconf 87' lang='lat' dir='ltr'><strong>Zenone</strong></span> <span class='ocrx_word' id='word_1_253' title='bbox 1691 1475 1861 1528; x_wconf 89' lang='lat' dir='ltr'><strong>stoico</strong></span> <span class='ocrx_word' id='word_1_254' title='bbox 1897 1494 1983 1528; x_wconf 90' lang='lat' dir='ltr'><strong>res</strong></span> <span class='ocrx_word' id='word_1_255' title='bbox 2018 1475 2096 1532; x_wconf 89' lang='lat' dir='ltr'><strong>illi</strong></span> <span class='ocrx_word' id='word_1_256' title='bbox 2142 1487 2256 1527; x_wconf 88' lang='lat' dir='ltr'><strong>erat</strong></span> 
     </span>
     <span class='ocr_line' id='line_1_48' title="bbox 1271 1555 2255 1624; baseline -0.002 -14"><span class='ocrx_word' id='word_1_257' title='bbox 1271 1557 1483 1624; x_wconf 79' lang='lat' dir='ltr'><strong>futura,</strong></span> <span class='ocrx_word' id='word_1_258' title='bbox 1497 1556 1581 1611; x_wconf 82' lang='lat' dir='ltr'><strong>vel</strong></span> <span class='ocrx_word' id='word_1_259' title='bbox 1598 1575 1666 1610; x_wconf 86' lang='lat' dir='ltr'><strong>ex</strong></span> <span class='ocrx_word' id='word_1_260' title='bbox 1680 1556 1819 1609; x_wconf 88' lang='lat' dir='ltr'><strong>Plin.</strong></span> <span class='ocrx_word' id='word_1_261' title='bbox 1834 1555 1946 1608; x_wconf 91' lang='lat' dir='ltr'><strong>Sec.</strong></span> <span class='ocrx_word' id='word_1_262' title='bbox 1963 1555 2055 1608; x_wconf 87' lang='lat' dir='ltr'><strong>lib.</strong></span> <span class='ocrx_word' id='word_1_263' title='bbox 2070 1555 2255 1620; x_wconf 86' lang='lat' dir='ltr'>XXV,</span> 
     </span>
     <span class='ocr_line' id='line_1_49' title="bbox 1273 1639 2255 1712; baseline -0.005 -20"><span class='ocrx_word' id='word_1_264' title='bbox 1273 1657 1389 1712; x_wconf 79' lang='lat' dir='ltr'><strong>cap.</strong></span> <span class='ocrx_word' id='word_1_265' title='bbox 1403 1639 1456 1692; x_wconf 80' lang='lat'><strong>5:</strong></span> <span class='ocrx_word' id='word_1_266' title='bbox 1474 1639 1754 1691; x_wconf 82' lang='lat' dir='ltr'><strong>Candidum</strong></span> <span class='ocrx_word' id='word_1_267' title='bbox 1761 1652 1955 1706; x_wconf 71' lang='lat' dir='ltr'><strong>purgat</strong></span> <span class='ocrx_word' id='word_1_268' title='bbox 1965 1640 2255 1697; x_wconf 78' lang='lat' dir='ltr'><strong>vomitione,</strong></span> 
     </span>
     <span class='ocr_line' id='line_1_50' title="bbox 1275 1719 2258 1788; baseline -0.006 -16"><span class='ocrx_word' id='word_1_269' title='bbox 1275 1740 1547 1788; x_wconf 76' lang='lat' dir='ltr'><strong>causasque</strong></span> <span class='ocrx_word' id='word_1_270' title='bbox 1560 1723 1840 1774; x_wconf 82' lang='lat' dir='ltr'><strong>morborum</strong></span> <span class='ocrx_word' id='word_1_271' title='bbox 1853 1719 2092 1769; x_wconf 75' lang='lat' dir='ltr'><strong>eaeerahie:</strong></span> <span class='ocrx_word' id='word_1_272' title='bbox 2102 1737 2258 1783; x_wconf 75' lang='lat' dir='ltr'><strong>quon·-</strong></span> 
     </span>
    </p>
   </div>
   <div class='ocr_carea' id='block_1_8' title="bbox 1275 1799 2259 1944">
    <p class='ocr_par' dir='ltr' id='par_1_8' title="bbox 1275 1799 2259 1944">
     <span class='ocr_line' id='line_1_51' title="bbox 1275 1799 2255 1868; baseline -0.006 -16"><span class='ocrx_word' id='word_1_273' title='bbox 1275 1805 1393 1854; x_wconf 82' lang='lat' dir='ltr'><strong>dam</strong></span> <span class='ocrx_word' id='word_1_274' title='bbox 1424 1803 1640 1853; x_wconf 79' lang='lat' dir='ltr'><strong>terribile</strong></span> <span class='ocrx_word' id='word_1_275' title='bbox 1662 1839 1679 1861; x_wconf 92' lang='lat'>‚</span> <span class='ocrx_word' id='word_1_276' title='bbox 1709 1813 1883 1868; x_wconf 79' lang='lat' dir='ltr'><strong>postea</strong></span> <span class='ocrx_word' id='word_1_277' title='bbox 1918 1811 2019 1852; x_wconf 83' lang='lat' dir='ltr'><strong>tam</strong></span> <span class='ocrx_word' id='word_1_278' title='bbox 2042 1799 2255 1864; x_wconf 75' lang='lat' dir='ltr'><strong>promis-</strong></span> 
     </span>
     <span class='ocr_line' id='line_1_52' title="bbox 1275 1871 2259 1944; baseline -0.008 -14"><span class='ocrx_word' id='word_1_279' title='bbox 1275 1897 1422 1930; x_wconf 85' lang='lat' dir='ltr'><strong>cuum</strong></span> <span class='ocrx_word' id='word_1_280' title='bbox 1436 1916 1454 1939; x_wconf 90' lang='lat'><strong><em>,</em></strong></span> <span class='ocrx_word' id='word_1_281' title='bbox 1480 1892 1536 1928; x_wconf 84' lang='lat' dir='ltr'><strong>ut</strong></span> <span class='ocrx_word' id='word_1_282' title='bbox 1546 1879 1779 1944; x_wconf 78' lang='lat' dir='ltr'><strong>plerique</strong></span> <span class='ocrx_word' id='word_1_283' title='bbox 1799 1877 2069 1926; x_wconf 78' lang='lat' dir='ltr'><strong>studiorum</strong></span> <span class='ocrx_word' id='word_1_284' title='bbox 2085 1871 2259 1940; x_wconf 64' lang='lat' dir='ltr'><strong>gracili</strong></span> 
     </span>
    </p>
   </div>
   <div class='ocr_carea' id='block_1_9' title="bbox 1275 1959 2289 3713">
    <p class='ocr_par' dir='ltr' id='par_1_9' title="bbox 1275 1959 2269 2979">
     <span class='ocr_line' id='line_1_53' title="bbox 1275 1959 2257 2026; baseline -0.008 -15"><span class='ocrx_word' id='word_1_285' title='bbox 1275 1963 1350 2015; x_wconf 86' lang='lat' dir='ltr'><strong>ad</strong></span> <span class='ocrx_word' id='word_1_286' title='bbox 1360 1961 1665 2026; x_wconf 76' lang='lat' dir='ltr'><strong>providenda</strong></span> <span class='ocrx_word' id='word_1_287' title='bbox 1691 1959 1855 2008; x_wconf 74' lang='lat' dir='ltr'><strong>aerius</strong></span> <span class='ocrx_word' id='word_1_288' title='bbox 1879 1975 1994 2022; x_wconf 82' lang='lat' dir='ltr'><strong>quoe</strong></span> <span class='ocrx_word' id='word_1_289' title='bbox 2011 1971 2257 2004; x_wconf 83' lang='lat' dir='ltr'><strong>commen·</strong></span> 
     </span>
     <span class='ocr_line' id='line_1_54' title="bbox 1276 2038 2253 2104; baseline -0.006 -14"><span class='ocrx_word' id='word_1_290' title='bbox 1276 2043 1513 2092; x_wconf 81' lang='lat' dir='ltr'><strong>tabantur</strong></span> <span class='ocrx_word' id='word_1_291' title='bbox 1539 2038 2253 2104; x_wconf 77' lang='lat' dir='ltr'><strong>sumpsitaverint.——Veratro.</strong></span> 
     </span>
     <span class='ocr_line' id='line_1_55' title="bbox 1275 2113 2255 2173; baseline -0.006 -1"><span class='ocrx_word' id='word_1_292' title='bbox 1275 2121 1567 2173; x_wconf 87' lang='lat' dir='ltr'><strong>Veratrum</strong></span> <span class='ocrx_word' id='word_1_293' title='bbox 1599 2117 1785 2170; x_wconf 84' lang='lat' dir='ltr'><strong>album</strong></span> <span class='ocrx_word' id='word_1_294' title='bbox 1820 2126 1899 2168; x_wconf 88' lang='lat' dir='ltr'><strong>est</strong></span> <span class='ocrx_word' id='word_1_295' title='bbox 1932 2113 2255 2168; x_wconf 88' lang='lat' dir='ltr'><strong>elleborum.</strong></span> 
     </span>
     <span class='ocr_line' id='line_1_56' title="bbox 1275 2195 2260 2264; baseline -0.007 -12"><span class='ocrx_word' id='word_1_296' title='bbox 1275 2200 1599 2264; x_wconf 62' lang='lat' dir='ltr'><strong>—Elegidia</strong></span> <span class='ocrx_word' id='word_1_297' title='bbox 1630 2195 2127 2252; x_wconf 12' lang='lat' dir='ltr'><strong>Diminutivumeah</strong></span> <span class='ocrx_word' id='word_1_298' title='bbox 2150 2195 2260 2246; x_wconf 83' lang='lat' dir='ltr'><strong>ele·</strong></span> 
     </span>
     <span class='ocr_line' id='line_1_57' title="bbox 1275 2271 2259 2355; baseline -0.007 -24"><span class='ocrx_word' id='word_1_299' title='bbox 1275 2271 1362 2355; x_wconf 79' lang='lat' dir='ltr'><strong>gia</strong></span> <span class='ocrx_word' id='word_1_300' title='bbox 1394 2299 1407 2332; x_wconf 77' lang='lat' dir='ltr'><em>z</em></span> <span class='ocrx_word' id='word_1_301' title='bbox 1446 2279 1564 2332; x_wconf 82' lang='lat' dir='ltr'><strong>haec</strong></span> <span class='ocrx_word' id='word_1_302' title='bbox 1605 2276 1749 2343; x_wconf 65' lang='lat' dir='ltr'><strong>Galli</strong></span> <span class='ocrx_word' id='word_1_303' title='bbox 1781 2286 1978 2331; x_wconf 81' lang='lat' dir='ltr'><strong>vocant</strong></span> <span class='ocrx_word' id='word_1_304' title='bbox 2019 2276 2259 2330; x_wconf 61' lang='lat' dir='ltr'><strong>chamon:</strong></span> 
     </span>
     <span class='ocr_line' id='line_1_58' title="bbox 1277 2356 2257 2427; baseline -0.008 -14"><span class='ocrx_word' id='word_1_305' title='bbox 1277 2356 1340 2413; x_wconf 70' lang='lat' dir='ltr'><strong>ile</strong></span> <span class='ocrx_word' id='word_1_306' title='bbox 1385 2362 1516 2412; x_wconf 82' lang='lat' dir='ltr'><strong>table</strong></span> <span class='ocrx_word' id='word_1_307' title='bbox 1544 2400 1559 2421; x_wconf 85' lang='lat'><em>,</em></span> <span class='ocrx_word' id='word_1_308' title='bbox 1620 2363 1939 2427; x_wconf 81' lang='lat' dir='ltr'><strong>inpromptus.</strong></span> <span class='ocrx_word' id='word_1_309' title='bbox 1976 2386 2048 2397; x_wconf 86' lang='lat'><strong>—-</strong></span> <span class='ocrx_word' id='word_1_310' title='bbox 2088 2358 2257 2406; x_wconf 81' lang='lat' dir='ltr'><strong>Crudi.</strong></span> 
     </span>
     <span class='ocr_line' id='line_1_59' title="bbox 1279 2437 2262 2499; baseline -0.009 -3"><span class='ocrx_word' id='word_1_311' title='bbox 1279 2441 1465 2497; x_wconf 84' lang='lat' dir='ltr'><strong>Crudu</strong></span> <span class='ocrx_word' id='word_1_312' title='bbox 1474 2462 1527 2493; x_wconf 88' lang='lat' dir='ltr'><strong>m</strong></span> <span class='ocrx_word' id='word_1_313' title='bbox 1538 2440 1715 2499; x_wconf 82' lang='lat' dir='ltr'><strong>adhuc</strong></span> <span class='ocrx_word' id='word_1_314' title='bbox 1728 2439 1787 2492; x_wconf 90' lang='lat' dir='ltr'><strong>in</strong></span> <span class='ocrx_word' id='word_1_315' title='bbox 1795 2438 2068 2492; x_wconf 84' lang='lat' dir='ltr'><strong>stomacho</strong></span> <span class='ocrx_word' id='word_1_316' title='bbox 2078 2437 2262 2489; x_wconf 85' lang='lat' dir='ltr'><strong>cibum</strong></span> 
     </span>
     <span class='ocr_line' id='line_1_60' title="bbox 1275 2512 2263 2601; baseline -0.006 -26"><span class='ocrx_word' id='word_1_317' title='bbox 1275 2536 1555 2601; x_wconf 79' lang='lat' dir='ltr'><strong>gerentes:</strong></span> <span class='ocrx_word' id='word_1_318' title='bbox 1579 2522 1675 2595; x_wconf 90' lang='lat' dir='ltr'><strong>qui</strong></span> <span class='ocrx_word' id='word_1_319' title='bbox 1696 2539 1883 2573; x_wconf 87' lang='lat' dir='ltr'><strong>sensus</strong></span> <span class='ocrx_word' id='word_1_320' title='bbox 1904 2512 1971 2571; x_wconf 70' lang='lat' dir='ltr'><strong>ad</strong></span> <span class='ocrx_word' id='word_1_321' title='bbox 1992 2518 2147 2593; x_wconf 81' lang='lat' dir='ltr'><strong>illum</strong></span> <span class='ocrx_word' id='word_1_322' title='bbox 2166 2536 2263 2591; x_wconf 89' lang='lat' dir='ltr'><strong>po-</strong></span> 
     </span>
     <span class='ocr_line' id='line_1_61' title="bbox 1279 2594 2263 2673; baseline -0.008 -17"><span class='ocrx_word' id='word_1_323' title='bbox 1279 2616 1384 2656; x_wconf 85' lang='lat' dir='ltr'><strong>test</strong></span> <span class='ocrx_word' id='word_1_324' title='bbox 1401 2594 1630 2665; x_wconf 67' lang='lat' dir='ltr'><strong>referris,</strong></span> <span class='ocrx_word' id='word_1_325' title='bbox 1652 2620 1817 2673; x_wconf 86' lang='lat' dir='ltr'><strong>quem</strong></span> <span class='ocrx_word' id='word_1_326' title='bbox 1835 2598 2023 2651; x_wconf 85' lang='lat' dir='ltr'><strong>Horat.</strong></span> <span class='ocrx_word' id='word_1_327' title='bbox 2042 2614 2263 2670; x_wconf 86' lang='lat' dir='ltr'><strong>expres-</strong></span> 
     </span>
     <span class='ocr_line' id='line_1_62' title="bbox 1280 2682 2125 2757; baseline -0.011 -19"><span class='ocrx_word' id='word_1_328' title='bbox 1280 2686 1376 2749; x_wconf 87' lang='lat' dir='ltr'><strong>sit,</strong></span> <span class='ocrx_word' id='word_1_329' title='bbox 1400 2684 1556 2757; x_wconf 86' lang='lat' dir='ltr'><strong>epist.</strong></span> <span class='ocrx_word' id='word_1_330' title='bbox 1579 2682 1671 2737; x_wconf 85' lang='lat' dir='ltr'><strong>lib.</strong></span> <span class='ocrx_word' id='word_1_331' title='bbox 1692 2682 1751 2733; x_wconf 90' lang='lat'><strong>11</strong></span> <span class='ocrx_word' id='word_1_332' title='bbox 1769 2719 1785 2746; x_wconf 92' lang='lat'>‚</span> <span class='ocrx_word' id='word_1_333' title='bbox 1822 2698 1843 2733; x_wconf 87' lang='lat'>1</span> <span class='ocrx_word' id='word_1_334' title='bbox 1864 2718 1881 2745; x_wconf 85' lang='lat'>‚</span> <span class='ocrx_word' id='word_1_335' title='bbox 1900 2698 1958 2733; x_wconf 84' lang='lat' dir='ltr'><strong>v.</strong></span> <span class='ocrx_word' id='word_1_336' title='bbox 1994 2697 2125 2748; x_wconf 82' lang='lat'>109:</span> 
     </span>
     <span class='ocr_line' id='line_1_63' title="bbox 1285 2782 2269 2845; baseline -0.011 -8"><span class='ocrx_word' id='word_1_337' title='bbox 1285 2820 1652 2837; x_wconf 87' lang='lat'><strong>........</strong></span> <span class='ocrx_word' id='word_1_338' title='bbox 1686 2786 1826 2833; x_wconf 80' lang='lat' dir='ltr'><strong>Pueri</strong></span> <span class='ocrx_word' id='word_1_339' title='bbox 1842 2793 2093 2845; x_wconf 68' lang='lat' dir='ltr'><strong>patresque</strong></span> <span class='ocrx_word' id='word_1_340' title='bbox 2114 2782 2269 2831; x_wconf 73' lang='lat' dir='ltr'><strong>severi</strong></span> 
     </span>
     <span class='ocr_line' id='line_1_64' title="bbox 1281 2855 2266 2911; baseline -0.01 -3"><span class='ocrx_word' id='word_1_341' title='bbox 1281 2864 1457 2909; x_wconf 76' lang='lat' dir='ltr'><strong>Fronte</strong></span> <span class='ocrx_word' id='word_1_342' title='bbox 1488 2874 1641 2907; x_wconf 83' lang='lat' dir='ltr'><strong>comas</strong></span> <span class='ocrx_word' id='word_1_343' title='bbox 1676 2855 1820 2903; x_wconf 76' lang='lat' dir='ltr'><strong>vincti</strong></span> <span class='ocrx_word' id='word_1_344' title='bbox 1850 2862 2032 2901; x_wconf 83' lang='lat' dir='ltr'><strong>coenant</strong></span> <span class='ocrx_word' id='word_1_345' title='bbox 2050 2887 2063 2911; x_wconf 88' lang='lat'>,</span> <span class='ocrx_word' id='word_1_346' title='bbox 2092 2861 2143 2899; x_wconf 87' lang='lat' dir='ltr'><strong>et</strong></span> <span class='ocrx_word' id='word_1_347' title='bbox 2168 2867 2266 2899; x_wconf 70' lang='lat' dir='ltr'><strong>mr-</strong></span> 
     </span>
     <span class='ocr_line' id='line_1_65' title="bbox 1406 2924 2133 2979; baseline -0.01 -2"><span class='ocrx_word' id='word_1_348' title='bbox 1406 2932 1535 2977; x_wconf 86' lang='lat' dir='ltr'><strong>mina</strong></span> <span class='ocrx_word' id='word_1_349' title='bbox 1558 2930 1751 2979; x_wconf 76' lang='lat' dir='ltr'><strong>dictant.</strong></span> <span class='ocrx_word' id='word_1_350' title='bbox 2078 2924 2133 2971; x_wconf 90' lang='lat' dir='ltr'><strong>C.</strong></span> 
     </span>
    </p>

    <p class='ocr_par' dir='ltr' id='par_1_10' title="bbox 1280 3012 2289 3713">
     <span class='ocr_line' id='line_1_66' title="bbox 1353 3012 2265 3083; baseline -0.013 -10"><span class='ocrx_word' id='word_1_351' title='bbox 1353 3020 1442 3079; x_wconf 77' lang='lat'><strong>52.</strong></span> <span class='ocrx_word' id='word_1_352' title='bbox 1494 3018 1668 3077; x_wconf 73' lang='lat' dir='ltr'><strong>Lectis.</strong></span> <span class='ocrx_word' id='word_1_353' title='bbox 1684 3053 1697 3066; x_wconf 97' lang='lat'><strong>.</strong></span> <span class='ocrx_word' id='word_1_354' title='bbox 1715 3054 1728 3066; x_wconf 94' lang='lat'><strong>.</strong></span> <span class='ocrx_word' id='word_1_355' title='bbox 1748 3053 1761 3065; x_wconf 94' lang='lat'><strong>.</strong></span> <span class='ocrx_word' id='word_1_356' title='bbox 1809 3014 1987 3064; x_wconf 77' lang='lat' dir='ltr'><strong>citreis.</strong></span> <span class='ocrx_word' id='word_1_357' title='bbox 2010 3014 2031 3083; x_wconf 94' lang='grc'>]</span> <span class='ocrx_word' id='word_1_358' title='bbox 2071 3012 2265 3075; x_wconf 78' lang='lat' dir='ltr'><strong>Lectos</strong></span> 
     </span>
     <span class='ocr_line' id='line_1_67' title="bbox 1280 3090 2270 3167; baseline -0.011 -13"><span class='ocrx_word' id='word_1_359' title='bbox 1280 3097 1681 3160; x_wconf 81' lang='lat' dir='ltr'><strong>discubitorios‚</strong></span> <span class='ocrx_word' id='word_1_360' title='bbox 1693 3090 1915 3167; x_wconf 87' lang='lat' dir='ltr'><strong>quidam</strong></span> <span class='ocrx_word' id='word_1_361' title='bbox 1933 3091 2270 3165; x_wconf 68' lang='lat' dir='ltr'><strong>imelligunt3</strong></span> 
     </span>
     <span class='ocr_line' id='line_1_68' title="bbox 1282 3173 2267 3244; baseline -0.011 -8"><span class='ocrx_word' id='word_1_362' title='bbox 1282 3178 1378 3241; x_wconf 79' lang='lat' dir='ltr'><strong>sed</strong></span> <span class='ocrx_word' id='word_1_363' title='bbox 1414 3206 1439 3244; x_wconf 52' lang='lat'><strong>,&gt;</strong></span> <span class='ocrx_word' id='word_1_364' title='bbox 1480 3176 1831 3237; x_wconf 79' lang='lat' dir='ltr'><strong>casaubonus</strong></span> <span class='ocrx_word' id='word_1_365' title='bbox 1887 3173 2115 3229; x_wconf 83' lang='lat' dir='ltr'><strong>lectulos</strong></span> <span class='ocrx_word' id='word_1_366' title='bbox 2180 3174 2267 3226; x_wconf 84' lang='lat' dir='ltr'><strong>lu·</strong></span> 
     </span>
     <span class='ocr_line' id='line_1_69' title="bbox 1283 3244 2267 3325; baseline -0.012 -12"><span class='ocrx_word' id='word_1_367' title='bbox 1283 3256 1618 3318; x_wconf 83' lang='lat' dir='ltr'><strong>cubratorios</strong></span> <span class='ocrx_word' id='word_1_368' title='bbox 1682 3244 2074 3325; x_wconf 80' lang='lat' dir='ltr'><strong>opulentorum</strong></span> <span class='ocrx_word' id='word_1_369' title='bbox 2135 3268 2267 3323; x_wconf 87' lang='lat' dir='ltr'><strong>pro-</strong></span> 
     </span>
     <span class='ocr_line' id='line_1_70' title="bbox 1281 3330 2289 3417; baseline -0.01 -26"><span class='ocrx_word' id='word_1_370' title='bbox 1281 3339 1433 3417; x_wconf 86' lang='lat' dir='ltr'><strong>prios</strong></span> <span class='ocrx_word' id='word_1_371' title='bbox 1472 3336 1599 3410; x_wconf 84' lang='lat' dir='ltr'><strong>qui,</strong></span> <span class='ocrx_word' id='word_1_372' title='bbox 1627 3348 1690 3391; x_wconf 89' lang='lat' dir='ltr'><strong>ut</strong></span> <span class='ocrx_word' id='word_1_373' title='bbox 1721 3334 1928 3393; x_wconf 81' lang='lat' dir='ltr'><strong>Plinius</strong></span> <span class='ocrx_word' id='word_1_374' title='bbox 1965 3330 2154 3396; x_wconf 86' lang='lat' dir='ltr'><strong>docet,</strong></span> <span class='ocrx_word' id='word_1_375' title='bbox 2182 3348 2289 3382; x_wconf 72' lang='lat' dir='ltr'><strong>us·-</strong></span> 
     </span>
     <span class='ocr_line' id='line_1_71' title="bbox 1286 3407 2273 3487; baseline -0.012 -19"><span class='ocrx_word' id='word_1_376' title='bbox 1286 3434 1395 3487; x_wconf 83' lang='lat' dir='ltr'><strong>que</strong></span> <span class='ocrx_word' id='word_1_377' title='bbox 1411 3412 1541 3468; x_wconf 83' lang='lat' dir='ltr'><strong>inde</strong></span> <span class='ocrx_word' id='word_1_378' title='bbox 1561 3432 1590 3467; x_wconf 87' lang='lat' dir='ltr'><strong>e</strong></span> <span class='ocrx_word' id='word_1_379' title='bbox 1610 3412 1780 3485; x_wconf 71' lang='lat' dir='ltr'><strong>Libya</strong></span> <span class='ocrx_word' id='word_1_380' title='bbox 1800 3410 2075 3463; x_wconf 88' lang='lat' dir='ltr'><strong>materiam</strong></span> <span class='ocrx_word' id='word_1_381' title='bbox 2098 3407 2273 3479; x_wconf 81' lang='lat' dir='ltr'><strong>ligno-</strong></span> 
     </span>
     <span class='ocr_line' id='line_1_72' title="bbox 1285 3488 2275 3564; baseline -0.011 -18"><span class='ocrx_word' id='word_1_382' title='bbox 1285 3513 1412 3546; x_wconf 89' lang='lat' dir='ltr'><strong>rum</strong></span> <span class='ocrx_word' id='word_1_383' title='bbox 1450 3492 1727 3564; x_wconf 75' lang='lat' dir='ltr'><strong>petebant.</strong></span> <span class='ocrx_word' id='word_1_384' title='bbox 1782 3514 1805 3535; x_wconf 72' lang='grc' dir='ltr'><strong>α</strong></span> <span class='ocrx_word' id='word_1_385' title='bbox 1842 3490 1924 3541; x_wconf 91' lang='grc' dir='ltr'><strong>Μ.</strong></span> <span class='ocrx_word' id='word_1_386' title='bbox 1966 3488 2199 3563; x_wconf 73' lang='lat' dir='ltr'><strong>Mongez</strong></span> <span class='ocrx_word' id='word_1_387' title='bbox 2242 3502 2275 3541; x_wconf 72' lang='lat' dir='ltr'><strong>a</strong></span> 
     </span>
     <span class='ocr_line' id='line_1_73' title="bbox 1290 3561 2270 3641; baseline -0.016 -12"><span class='ocrx_word' id='word_1_388' title='bbox 1290 3600 1314 3623; x_wconf 75' lang='grc' dir='ltr'>ι</span> <span class='ocrx_word' id='word_1_389' title='bbox 1336 3574 1434 3628; x_wconf 78' lang='lat' dir='ltr'><strong>fait</strong></span> <span class='ocrx_word' id='word_1_390' title='bbox 1460 3590 1537 3627; x_wconf 88' lang='lat' dir='ltr'><strong>un</strong></span> <span class='ocrx_word' id='word_1_391' title='bbox 1562 3570 1824 3624; x_wconf 75' lang='lat' dir='ltr'><strong>memoire</strong></span> <span class='ocrx_word' id='word_1_392' title='bbox 1854 3587 1946 3625; x_wconf 81' lang='lat' dir='ltr'><strong>sur</strong></span> <span class='ocrx_word' id='word_1_393' title='bbox 1970 3566 2023 3622; x_wconf 85' lang='lat' dir='ltr'><strong>le</strong></span> <span class='ocrx_word' id='word_1_394' title='bbox 2050 3564 2171 3641; x_wconf 82' lang='lat' dir='ltr'><strong>bois</strong></span> <span class='ocrx_word' id='word_1_395' title='bbox 2200 3561 2270 3614; x_wconf 89' lang='lat' dir='ltr'><strong>de</strong></span> 
     </span>
     <span class='ocr_line' id='line_1_74' title="bbox 1288 3642 2269 3713; baseline -0.013 -8"><span class='ocrx_word' id='word_1_396' title='bbox 1288 3680 1314 3705; x_wconf 70' lang='lat' dir='ltr'><strong>a·</strong></span> <span class='ocrx_word' id='word_1_397' title='bbox 1330 3642 1532 3713; x_wconf 73' lang='lat' dir='ltr'><strong>citrum,</strong></span> <span class='ocrx_word' id='word_1_398' title='bbox 1546 3649 1683 3705; x_wconf 84' lang='lat' dir='ltr'><strong>dont</strong></span> <span class='ocrx_word' id='word_1_399' title='bbox 1696 3650 1773 3707; x_wconf 82' lang='lat' dir='ltr'><strong>les</strong></span> <span class='ocrx_word' id='word_1_400' title='bbox 1790 3648 2008 3702; x_wconf 85' lang='lat' dir='ltr'><strong>anciens</strong></span> <span class='ocrx_word' id='word_1_401' title='bbox 2025 3642 2269 3701; x_wconf 79' lang='lat' dir='ltr'><strong>faisaient</strong></span> 
     </span>
    </p>
   </div>
   <div class='ocr_carea' id='block_1_10' title="bbox 217 3722 2268 3801">
    <p class='ocr_par' dir='ltr' id='par_1_11' title="bbox 217 3722 2268 3801">
     <span class='ocr_line' id='line_1_75' title="bbox 217 3722 2268 3801; baseline -0.005 -16"><span class='ocrx_word' id='word_1_402' title='bbox 217 3731 528 3785; x_wconf 77' lang='lat' dir='ltr'><strong>&#39;tremulum</strong></span> <span class='ocrx_word' id='word_1_403' title='bbox 575 3730 705 3781; x_wconf 86' lang='lat' dir='ltr'><strong>trito</strong></span> <span class='ocrx_word' id='word_1_404' title='bbox 746 3728 1066 3783; x_wconf 82' lang='lat' dir='ltr'><strong>vestimento</strong></span> <span class='ocrx_word' id='word_1_405' title='bbox 1109 3726 1212 3777; x_wconf 84' lang='lat' dir='ltr'><strong>scis</strong></span> <span class='ocrx_word' id='word_1_406' title='bbox 1291 3761 1317 3783; x_wconf 11' lang='grc' dir='ltr'><strong>,Α</strong></span> <span class='ocrx_word' id='word_1_407' title='bbox 1337 3734 1435 3787; x_wconf 72' lang='lat' dir='ltr'><strong>des</strong></span> <span class='ocrx_word' id='word_1_408' title='bbox 1469 3732 1714 3787; x_wconf 78' lang='lat' dir='ltr'><strong>meubles</strong></span> <span class='ocrx_word' id='word_1_409' title='bbox 1747 3730 1792 3789; x_wconf 72' lang='lat' dir='ltr'><strong>si</strong></span> <span class='ocrx_word' id='word_1_410' title='bbox 1824 3725 2079 3801; x_wconf 73' lang='lat' dir='ltr'><strong>precieux</strong></span> <span class='ocrx_word' id='word_1_411' title='bbox 2098 3742 2115 3789; x_wconf 69' lang='grc' dir='ltr'>ς</span> <span class='ocrx_word' id='word_1_412' title='bbox 2147 3722 2268 3775; x_wconf 72' lang='lat' dir='ltr'><strong>bois</strong></span> 
     </span>
    </p>
   </div>
   <div class='ocr_carea' id='block_1_11' title="bbox 225 3806 1210 3879">
    <p class='ocr_par' dir='ltr' id='par_1_12' title="bbox 225 3806 1210 3879">
     <span class='ocr_line' id='line_1_76' title="bbox 225 3806 1210 3879; baseline -0.005 -15"><span class='ocrx_word' id='word_1_413' title='bbox 225 3810 429 3865; x_wconf 77' lang='lat' dir='ltr'><strong>donare</strong></span> <span class='ocrx_word' id='word_1_414' title='bbox 448 3810 728 3877; x_wconf 82' lang='lat' dir='ltr'><strong>comitem3</strong></span> <span class='ocrx_word' id='word_1_415' title='bbox 751 3822 804 3862; x_wconf 90' lang='lat' dir='ltr'><strong>et</strong></span> <span class='ocrx_word' id='word_1_416' title='bbox 815 3828 1008 3863; x_wconf 83' lang='lat' dir='ltr'><strong>verum</strong></span> <span class='ocrx_word' id='word_1_417' title='bbox 1025 3806 1210 3879; x_wconf 86' lang='lat' dir='ltr'><strong>inquis</strong></span> 
     </span>
    </p>
   </div>
   <div class='ocr_carea' id='block_1_12' title="bbox 227 3877 1219 3945">
    <p class='ocr_par' dir='ltr' id='par_1_13' title="bbox 227 3877 1219 3945">
     <span class='ocr_line' id='line_1_77' title="bbox 227 3877 1219 3945; baseline -0.008 0"><span class='ocrx_word' id='word_1_418' title='bbox 227 3907 350 3945; x_wconf 76' lang='lat' dir='ltr'><strong>amo</strong></span> <span class='ocrx_word' id='word_1_419' title='bbox 369 3912 384 3942; x_wconf 72' lang='grc' dir='ltr'><em>τ</em></span> <span class='ocrx_word' id='word_1_420' title='bbox 409 3893 714 3945; x_wconf 56' lang='lat' dir='ltr'><strong>eta—Ilias</strong></span> <span class='ocrx_word' id='word_1_421' title='bbox 747 3888 878 3941; x_wconf 74' lang='lat' dir='ltr'><strong>Acci&#39;.</strong></span> <span class='ocrx_word' id='word_1_422' title='bbox 895 3890 976 3940; x_wconf 90' lang='lat' dir='ltr'><strong>De</strong></span> <span class='ocrx_word' id='word_1_423' title='bbox 1008 3906 1070 3941; x_wconf 86' lang='lat' dir='ltr'><strong>ea</strong></span> <span class='ocrx_word' id='word_1_424' title='bbox 1101 3877 1219 3942; x_wconf 57' lang='lat' dir='ltr'><strong>vids</strong></span> 
     </span>
    </p>
   </div>
   <div class='ocr_carea' id='block_1_13' title="bbox 233 3971 1213 4133">
    <p class='ocr_par' dir='ltr' id='par_1_14' title="bbox 233 3971 1213 4133">
     <span class='ocr_line' id='line_1_78' title="bbox 233 3971 604 4045; baseline -0.011 -19"><span class='ocrx_word' id='word_1_425' title='bbox 233 3990 358 4045; x_wconf 66' lang='lat' dir='ltr'><strong>sup.</strong></span> <span class='ocrx_word' id='word_1_426' title='bbox 383 3993 433 4030; x_wconf 76' lang='lat' dir='ltr'><strong>v.</strong></span> <span class='ocrx_word' id='word_1_427' title='bbox 454 3980 510 4035; x_wconf 73' lang='grc'><strong>4.</strong></span> <span class='ocrx_word' id='word_1_428' title='bbox 538 3971 604 4023; x_wconf 83' lang='lat' dir='ltr'><strong>A.</strong></span> 
     </span>
     <span class='ocr_line' id='line_1_79' title="bbox 305 4057 1213 4133; baseline -0.007 -15"><span class='ocrx_word' id='word_1_429' title='bbox 305 4064 391 4118; x_wconf 86' lang='lat'><strong>51.</strong></span> <span class='ocrx_word' id='word_1_430' title='bbox 433 4064 592 4115; x_wconf 83' lang='lat' dir='ltr'><strong>Ebria</strong></span> <span class='ocrx_word' id='word_1_431' title='bbox 625 4064 890 4129; x_wconf 61' lang='lat' dir='ltr'><strong>venum]</strong></span> <span class='ocrx_word' id='word_1_432' title='bbox 921 4057 1004 4113; x_wconf 84' lang='lat' dir='ltr'><strong>Ad</strong></span> <span class='ocrx_word' id='word_1_433' title='bbox 1044 4074 1213 4133; x_wconf 80' lang='lat' dir='ltr'><strong>quam</strong></span> 
     </span>
    </p>
   </div>
   <div class='ocr_carea' id='block_1_14' title="bbox 1294 3800 2277 4115">
    <p class='ocr_par' dir='ltr' id='par_1_15' title="bbox 1294 3800 2277 4115">
     <span class='ocr_line' id='line_1_80' title="bbox 1294 3800 2273 3886; baseline -0.016 -18"><span class='ocrx_word' id='word_1_434' title='bbox 1294 3841 1317 3862; x_wconf 75' lang='grc' dir='ltr'>ι</span> <span class='ocrx_word' id='word_1_435' title='bbox 1339 3818 1447 3886; x_wconf 87' lang='lat' dir='ltr'><strong>q&#39;ue</strong></span> <span class='ocrx_word' id='word_1_436' title='bbox 1464 3812 1579 3871; x_wconf 85' lang='lat' dir='ltr'><strong>l’on</strong></span> <span class='ocrx_word' id='word_1_437' title='bbox 1593 3831 1621 3864; x_wconf 88' lang='lat' dir='ltr'><strong>a</strong></span> <span class='ocrx_word' id='word_1_438' title='bbox 1634 3829 1732 3863; x_wconf 84' lang='lat' dir='ltr'><strong>cru</strong></span> <span class='ocrx_word' id='word_1_439' title='bbox 1752 3810 2057 3877; x_wconf 73' lang='lat' dir='ltr'><strong>longtemps</strong></span> <span class='ocrx_word' id='word_1_440' title='bbox 2071 3800 2273 3875; x_wconf 85' lang='lat' dir='ltr'><strong>perdu‚</strong></span> 
     </span>
     <span class='ocr_line' id='line_1_81' title="bbox 1295 3883 2277 3965; baseline -0.014 -17"><span class='ocrx_word' id='word_1_441' title='bbox 1295 3920 1317 3942; x_wconf 79' lang='grc' dir='ltr'>ι</span> <span class='ocrx_word' id='word_1_442' title='bbox 1341 3907 1396 3946; x_wconf 91' lang='lat' dir='ltr'><strong>et</strong></span> <span class='ocrx_word' id='word_1_443' title='bbox 1443 3912 1551 3965; x_wconf 91' lang='lat' dir='ltr'><strong>que</strong></span> <span class='ocrx_word' id='word_1_444' title='bbox 1595 3892 1674 3944; x_wconf 88' lang='lat' dir='ltr'><strong>M.</strong></span> <span class='ocrx_word' id='word_1_445' title='bbox 1718 3888 1927 3949; x_wconf 70' lang='lat' dir='ltr'><strong>Oliyier</strong></span> <span class='ocrx_word' id='word_1_446' title='bbox 1955 3923 1972 3949; x_wconf 83' lang='lat'>‚</span> <span class='ocrx_word' id='word_1_447' title='bbox 2014 3883 2149 3945; x_wconf 81' lang='lat' dir='ltr'><strong>dans</strong></span> <span class='ocrx_word' id='word_1_448' title='bbox 2193 3901 2277 3935; x_wconf 86' lang='lat' dir='ltr'><strong>scs</strong></span> 
     </span>
     <span class='ocr_line' id='line_1_82' title="bbox 1295 3962 2275 4047; baseline -0.017 -17"><span class='ocrx_word' id='word_1_449' title='bbox 1295 4000 1318 4022; x_wconf 77' lang='grc' dir='ltr'>ι</span> <span class='ocrx_word' id='word_1_450' title='bbox 1339 3990 1568 4047; x_wconf 83' lang='lat' dir='ltr'><strong>voyages</strong></span> <span class='ocrx_word' id='word_1_451' title='bbox 1602 3988 1669 4023; x_wconf 90' lang='lat' dir='ltr'><strong>en</strong></span> <span class='ocrx_word' id='word_1_452' title='bbox 1698 3970 1859 4021; x_wconf 74' lang='lat' dir='ltr'><strong>Perse</strong></span> <span class='ocrx_word' id='word_1_453' title='bbox 1878 4004 1895 4031; x_wconf 90' lang='lat'>‚</span> <span class='ocrx_word' id='word_1_454' title='bbox 1925 3984 1955 4017; x_wconf 91' lang='lat' dir='ltr'><strong>a</strong></span> <span class='ocrx_word' id='word_1_455' title='bbox 1987 3962 2275 4039; x_wconf 84' lang='lat' dir='ltr'><strong>probable·</strong></span> 
     </span>
     <span class='ocr_line' id='line_1_83' title="bbox 1296 4038 2277 4115; baseline -0.016 -6"><span class='ocrx_word' id='word_1_456' title='bbox 1296 4082 1319 4103; x_wconf 74' lang='grc' dir='ltr'><strong>α</strong></span> <span class='ocrx_word' id='word_1_457' title='bbox 1341 4066 1493 4108; x_wconf 86' lang='lat' dir='ltr'><strong>ment</strong></span> <span class='ocrx_word' id='word_1_458' title='bbox 1518 4052 1775 4105; x_wconf 77' lang='lat' dir='ltr'><strong>retrouve</strong></span> <span class='ocrx_word' id='word_1_459' title='bbox 1808 4046 1942 4102; x_wconf 84' lang='lat' dir='ltr'><strong>dans</strong></span> <span class='ocrx_word' id='word_1_460' title='bbox 1973 4044 2051 4098; x_wconf 84' lang='lat' dir='ltr'><strong>les</strong></span> <span class='ocrx_word' id='word_1_461' title='bbox 2082 4038 2277 4115; x_wconf 79' lang='lat' dir='ltr'><strong>grands</strong></span> 
     </span>
    </p>
   </div>
  </div>
 </body>
</html>
