2775 4619
579 341 706 386 ιω
1165 321 1239 386 c.
1297 279 1703 388 LUCILII
1738 301 2017 390 VITA.

569 443 1036 524 magistellorum
1066 445 1312 506 audacia
1325 488 1342 516 ‚
1369 466 1446 505 an
1472 445 1795 525 imperitia,
1829 447 1983 505 foede
2004 447 2433 528 interpolatum
2460 467 2584 508 esse
2598 493 2613 521 ‚

564 562 633 600 ac
658 544 884 602 fortean
909 543 1342 603 restituendum
1369 544 1445 602 ad
1474 544 1589 603 hoc
1620 545 1999 624 exemplum:

923 663 1076 710 Hunc
1104 661 1240 710 inter
1264 677 1462 728 pugnas
1488 661 1743 712 Serveiliu’
1770 661 1841 709 sie
1870 661 2151 726 compellat.

563 765 703 824 illos
739 766 898 824 enim
924 765 1236 825 verisimile
1277 779 1364 824 est
1403 767 1712 845 asperitate
1748 766 2020 828 carminis
2056 767 2355 840 offensos,
2384 767 2540 826 dum
2566 767 2617 826 ei

560 863 648 921 rei
677 861 1017 921 consultum
1056 863 1141 921 ire
1183 864 1470 943 cupiunt,
1495 884 1881 922 numerorum
1919 865 2208 923 rationem
2248 865 2485 944 nullam
2518 865 2615 922 ha-

559 960 778 1018 buisse.
823 962 912 1018 Ne
955 980 1094 1018 vero
1140 961 1274 1038 quis
1319 981 1529 1019 eorum
1575 963 1875 1021 sententiae
1918 961 2157 1020 accedat
2180 1005 2199 1034 ‚
2239 963 2349 1039 qui
2394 973 2612 1020 temere

559 1057 729 1115 Lucii
764 1077 1103 1135 praenomen
1143 1058 1367 1116 faciunt
1406 1057 1638 1117 Lucilio
1681 1072 1921 1118 nostro:
1953 1079 2089 1118 nam
2130 1059 2342 1116 Caium
2384 1079 2613 1136 semper

557 1166 772 1214 vocant
809 1154 1013 1213 Cicero
1030 1197 1046 1224 ,
1077 1155 1509 1226 Quintilianus,
1537 1155 1655 1214 alii.
1697 1155 1986 1215 Luciliam
2027 1168 2265 1236 gentem
2306 1156 2609 1234 duplicem

513 1237 519 1244 ⁵
557 1251 738 1310 fuisse
757 1294 774 1322 ‚
797 1252 1102 1331 patriciam
1129 1271 1310 1310 unam
1328 1297 1346 1324 ‚
1369 1251 1617 1312 alteram
1650 1253 1943 1331 plebeiam
1978 1273 2051 1312 ex
2083 1253 2329 1312 diversis
2358 1254 2609 1333 scripto-

553 1348 722 1410 ribus
749 1348 965 1427 colligo
985 1389 1000 1418 ‚
1031 1361 1241 1426 praeter
1271 1368 1480 1407 eorum
1508 1351 1850 1428 opinionem
1868 1395 1885 1424 ‚
1915 1351 2023 1432 qui
2046 1351 2296 1430 plebeiae
2326 1352 2459 1427 ejus
2488 1365 2611 1409 tan-

555 1459 688 1504 tum
716 1446 1131 1504 meminerunt.
1159 1449 1239 1503 At
1267 1447 1527 1524 patriciae
1556 1446 1801 1526 quidem
1826 1447 1942 1506 fuit
1970 1455 2143 1528 poeta
2170 1461 2411 1520 noster,
2446 1451 2609 1528 cnjus

553 1543 832 1603 nobilitas
863 1543 957 1602 vel
995 1563 1067 1601 ex
1109 1543 1237 1602 solo
1275 1543 1583 1602 Paterculo
1624 1544 1801 1624 plana
1843 1559 1932 1606 est
1950 1591 1967 1620 ‚
2004 1547 2110 1624 qui
2152 1567 2297 1605 eum
2332 1547 2609 1626 equidem

551 1641 668 1703 sub
693 1644 756 1698 P.
787 1641 1062 1700 Africano
1091 1641 1372 1700 militasse
1412 1641 1651 1716 scribit3
1680 1644 1781 1702 cui
1808 1644 2089 1703 accedant
2120 1645 2463 1703 testimonia
2490 1649 2609 1702 Ho-

551 1739 685 1798 ratii
699 1782 717 1810 ,
740 1739 1006 1818 quamvis
1025 1738 1102 1796 ab
1123 1738 1309 1797 invito
1333 1759 1601 1819 expressa
1618 1783 1635 1812 ,
1662 1753 1723 1799 et
1748 1741 1811 1800 in
1838 1741 2051 1800 eodem
2072 1762 2290 1820 genere
2316 1742 2607 1801 scribendi

551 1837 769 1896 aemulo
788 1881 805 1909 ,
831 1836 956 1894 haec
984 1835 1060 1894 de
1087 1849 1305 1906 semet,
1335 1849 1439 1894 sat.
1464 1839 1493 1894 1
1510 1880 1528 1909 ‚
1556 1835 1799 1898 alterius
1824 1842 2179 1900 Sermonum
2206 1840 2379 1914 libri,
2414 1861 2605 1900 coram

553 1938 620 1994 C.
649 1934 929 1994 Trebatio
947 1934 1375 2015 jurisconsulto
1400 1933 1727 2014 profitentis
1751 1957 1767 1992 ε

917 2095 1144 2111 .......
1163 2063 1250 2110 Me
1275 2061 1495 2127 pedibus
1524 2061 1736 2112 delectet
1762 2061 1994 2112 claudere
2016 2063 2187 2114 verba.

904 2142 1070 2193 Lucili
1095 2143 1226 2204 ritu,
1253 2154 1485 2193 nostrum
1510 2143 1737 2193 melioris
1764 2155 2005 2218 utroque.

549 2259 612 2306 et
639 2247 834 2306 statim
861 2261 997 2328 post
1013 2269 1030 2304 ε
1115 2283 1124 2291 -

917 2400 1251 2416 ..........
1263 2367 1530 2435 Quidquid
1556 2384 1671 2417 sum
1698 2384 1791 2434 ego
1804 2400 1821 2427 ‚
1845 2370 2075 2435 quamvis

903 2448 1042 2497 Infra
1066 2448 1232 2497 Lucili
1260 2464 1473 2531 censum
1488 2484 1503 2510 ‚
1526 2450 1908 2517 ingeniumque.

480 2554 492 2561 ’
545 2572 622 2629 ad
659 2562 794 2649 quae
834 2571 1206 2650 Porphyrion
1241 2585 1411 2631 vetus
1456 2574 1739 2653 interpres
1774 2594 1789 2630 ε
1837 2574 2083 2631 Constat
2114 2574 2275 2631 enim
2314 2576 2602 2633 Lucilium

545 2670 828 2741 majorem
847 2672 1194 2727 avunculum
1212 2672 1488 2747 Pompeii
1498 2673 1714 2747 Magni
1715 2672 1930 2746 fuis-se,-
1946 2673 2154 2728 eoem‘m
2174 2675 2313 2729 avia
2330 2674 2607 2750 Pompeii

542 2786 711 2823 soror
729 2769 946 2825 Lucilii
949 2768 1183 2843 fuerat.
1211 2771 1292 2825 At
1312 2771 1509 2826 Acron
1536 2768 1685 2826 alter
1706 2768 1993 2847 interpres
2023 2788 2165 2827 eum
2188 2791 2368 2828 avum
2394 2772 2605 2847 Magni

541 2866 816 2940 Pompeii
836 2865 976 2923 facit
999 2886 1014 2922 ε
1051 2884 1312 2943 quorum
1343 2866 1459 2923 utri
1486 2866 1687 2944 potius
1716 2866 1992 2924 accedam
2019 2866 2223 2925 nescio
2239 2912 2257 2939 ‚
2285 2870 2432 2927 cum
2458 2865 2601 2927 nihil

538 2980 611 3018 ea
637 2962 714 3020 de
739 2982 804 3021 re
833 2964 978 3021 certi
1007 2963 1259 3043 legendo
1293 2965 1592 3043 potuerim
1623 2963 1967 3042 comperiit..
1996 2966 2169 3023 Certe
2198 2964 2474 3024 Velleius
2500 2970 2603 3023 Pa-

449 3058 456 3063 ’
540 3057 808 3116 tei-culus
841 3079 983 3119 eum
1023 3081 1306 3140 magnum
1343 3060 1711 3119 avunculum
1732 3104 1749 3132 ‚
1788 3060 1893 3119 sed
1937 3080 2010 3120 ex
2056 3060 2251 3121 fratris
2291 3063 2416 3121 filia
2435 3106 2453 3133 ,
2484 3082 2598 3121 non

543 3172 778 3226 sorore,
805 3169 878 3214 ut
899 3157 1034 3215 vult
1063 3158 1435 3239 Porphyrion
1452 3202 1469 3231 ,
1492 3158 1729 3217 videtur
1752 3174 2105 3237 agnoscere'3
2132 3161 2215 3217 ita
2240 3162 2408 3219 enim
2432 3162 2595 3240 capio

541 3251 719 3311 verba
743 3252 874 3332 ejus
903 3253 980 3313 de
1005 3257 1114 3313 Cn.
1143 3258 1427 3335 Pompeio
1444 3299 1461 3327 ‚
1488 3257 1594 3335 qni
1630 3268 1833 3333 postea
1866 3258 2069 3335 Magni
2098 3277 2443 3336 cognomen
2480 3278 2597 3317 sor-

541 3350 686 3408 titus
709 3362 802 3407 est
821 3394 838 3422 ‚
853 3343 986 3425 ficit
1005 3352 1100 3408 hic
1124 3357 1351 3429 genitus
1379 3369 1571 3411 matre
1597 3356 1828 3411 Lucilia
1845 3396 1866 3424 ‚
1892 3356 2091 3430 stirpis
2119 3360 2481 3428 senatorioe5
2505 3356 2596 3416 cni

539 3448 894 3528 conjecturae
911 3466 1060 3507 meae
1081 3449 1170 3508 vir
1191 3450 1451 3529 ampliss.
1484 3454 1623 3509 Ant.
1651 3450 2021 3529 Augustinus
2048 3452 2429 3513 subscribere
2446 3455 2597 3513 vide-

539 3559 676 3605 tur:
703 3544 808 3629 ille
849 3546 1008 3605 enim
1041 3544 1106 3603 in
1142 3546 1296 3605 libro
1339 3544 1416 3605 de
1452 3548 1727 3627 gentibus
1766 3567 1837 3607 ac
1874 3548 2111 3607 familiis
2133 3554 2560 3611 Romanorum
2574 3594 2602 3651 ’,

537 3657 788 3704 matrem
822 3647 928 3703 Cn.
954 3644 1222 3721 Pompeii
1247 3646 1449 3724 Magni
1486 3664 1561 3705 ex
1601 3646 1777 3704 fratre
1819 3648 1885 3706 C.
1924 3647 2139 3707 Lucilii
2172 3656 2368 3728 poe'tae
2404 3637 2602 3711 natam'

535 3754 826 3825 autumat.
848 3744 972 3801 Nec
996 3741 1190 3813 enim,
1217 3742 1268 3799 si
1292 3762 1360 3799 ea
1386 3742 1508 3802 filia
1526 3749 1716 3821 poetae
1742 3744 1929 3803 nostri
1953 3745 2191 3818 fuisset,
2212 3750 2281 3805 C.
2299 3748 2593 3807 Velleium

536 3857 664 3895 rem
719 3852 841 3897 tam
901 3836 1194 3921 insignem
1249 3838 1485 3899 silentio
1544 3842 1983 3921 praeteriturum
2039 3843 2224 3905 fuisse
2276 3842 2588 3909 verisimile

539 3933 826 3995 existimo.
