2775 4619
964 531 1360 598 SATIRA
1420 537 1482 601 Ι.

2146 575 2224 616 21

888 675 1544 725 ADVERSARIUS.

985 769 1181 836 Rides
1214 771 1412 862 (ait),
1439 791 1504 843 et
1534 776 1729 872 nimis
1756 781 1946 863 uncis

2161 803 2228 860 4⁰

280 876 583 972 Naribus
604 877 923 971 indulgeS.
956 883 1063 948 An
1100 885 1224 950 erit
1237 933 1256 967 ,
1286 879 1406 979 qui
1431 891 1596 955 velle
1625 912 1878 982 recuset

283 991 377 1056 Os
412 993 643 1082 populi
679 995 1025 1079 meruisse3
1056 1014 1121 1062 et
1152 999 1345 1065 cedro
1378 1001 1578 1094 digna
1612 1004 1866 1073 locutus
1878 1059 1898 1091 ,

284 1101 615 1194 Linquere
642 1103 761 1172 nec
784 1111 1118 1176 scombros
1154 1117 1508 1182 metuentia
1537 1121 1854 1205 carmina,
1883 1147 2003 1191 nec
2027 1127 2226 1194 thus?

995 1249 1424 1296 rERS1us

280 1335 595 1426 Quisquis
620 1360 716 1420 οε,
738 1339 779 1404 ὂ
806 1339 1001 1406 modo
1016 1388 1034 1423 ‚
1061 1366 1255 1432 quem
1282 1369 1359 1412 ex
1381 1346 1651 1417 adverso
1678 1347 1889 1423 dicere
1912 1357 2006 1424 fas
2031 1377 2126 1424 est
2141 1409 2162 1442 ,

186 1529 405 1600 poetica
429 1529 497 1583 de
517 1529 745 1584 floribus
769 1551 798 1585 e
822 1535 1049 1588 tumulis
1070 1533 1165 1589 de-

184 1611 515 1664 functorum
551 1613 897 1666 nascentibus
929 1617 1175 1670 occasio*

184 1709 317 1742 nem
340 1692 483 1744 forte
510 1693 866 1763 praebuerunt
884 1733 901 1758 ‚
926 1709 991 1750 ut
1016 1711 1163 1751 recte

184 1768 377 1824 innuit
398 1771 625 1826 casaub.
653 1772 747 1840 iis,
766 1776 863 1846 qui
883 1775 1017 1829 vitas
1041 1795 1161 1830 sau-

182 1860 407 1902 ctorum
418 1851 723 1924 scripserun
731 1854 891 1917 t,talia
904 1853 1165 1927 fingendi,

182 1940 240 1981 et
267 1948 373 2000 pro
408 1931 571 1984 rebus
606 1934 765 2004 gestis
799 1935 1076 1989 narrandi.

256 2015 347 2072 40.
364 2014 509 2063 Rides
518 2017 653 2080 (ait),
671 2029 720 2065 et
729 2018 871 2068 nimis
882 2021 1034 2078 uncie,
1045 2009 1156 2089 eta]

180 2089 249 2140 In
271 2081 468 2143 eodem
485 2111 645 2146 sensu
666 2093 857 2148 Horat.
876 2103 969 2148 sat.
986 2096 1080 2149 lib.
1094 2099 1125 2150 I
1140 2137 1158 2164 ‚

179 2172 216 2222 6
233 2208 250 2234 ‚
282 2170 341 2222 5.
360 2175 501 2223 Naso
524 2177 769 2241 suspendis
802 2180 995 2227 adunco
1010 2216 1028 2238 ‚
1053 2197 1159 2250 pro

176 2249 525 2306 mordacitati
547 2254 771 2307 satiricae
796 2255 1029 2308 nimium
1048 2276 1158 2312 ser-

173 2330 275 2383 vis.
290 2331 373 2384 Ex
386 2350 523 2386 *voce
535 2372 553 2398 ‚
568 2337 665 2395 ait,
683 2336 906 2389 minime
923 2336 1158 2393 dubium

178 2422 257 2463 est
270 2446 287 2473 ‚
308 2410 447 2481 quin
468 2412 583 2465 haec
601 2413 759 2467 verba
778 2416 885 2469 sint
903 2436 1013 2469 non
1036 2424 1161 2485 poe-

174 2500 275 2553 tae,
300 2488 400 2542 sed
422 2490 560 2551 alius
588 2494 889 2565 cujusdam.
920 2496 1157 2561 Quidam

172 2568 505 2641 interpretes
523 2572 674 2625 hunc
695 2574 878 2627 locum
905 2574 973 2629 de
996 2578 1159 2631 tertio

175 2652 375 2721 quovis
400 2667 761 2724 acceperunt:
798 2656 886 2709 alii
914 2655 1099 2711 eadem
1128 2678 1159 2711 a

172 2736 335 2801 poeta
366 2731 490 2803 ipso
518 2726 718 2787 volunt
746 2736 933 2807 objici,
961 2738 1162 2809 quibus

170 2811 494 2881 respondet,
506 2834 558 2865 v.
574 2820 655 2877 44.
666 2814 736 2866 Et
750 2834 810 2869 ea
825 2817 1015 2888 opinio
1030 2837 1163 2890 prae-

171 2888 387 2943 cedenti
412 2893 752 2963 probabilior
777 2894 1016 2949 videtur.
1048 2898 1159 2963 Qui

168 2983 355 3024 autem
368 2972 611 3027 voluerit
629 2974 742 3027 hoec
760 2994 789 3026 a
808 2975 992 3029 Persio
1015 2976 1123 3031 dici
1140 3018 1156 3038 ,

166 3049 259 3102 ita.
288 3051 484 3104 locum
536 3055 823 3125 explicabit
850 3076 864 3107 z
902 3074 1161 3109 nascentur

164 3134 323 3182 viola-2
335 3140 429 3183 ι’...
448 3135 613 3194 Rides,
632 3133 846 3206 inquiet
860 3138 1061 3209 aliquis
1074 3176 1091 3203 ‚
1112 3154 1163 3190 et

164 3230 212 3260 n.
230 3230 280 3261 u.
304 3230 362 3263 n.
386 3214 491 3263 ind.
515 3227 623 3266 etc.
658 3218 883 3281 Quisquis
900 3236 973 3276 es,
993 3219 1025 3267 ὅ
1040 3238 1103 3268 m.
1114 3238 1163 3284 q.

163 3309 229 3342 ea:
238 3295 353 3343 adv.
368 3294 647 3360 dicerefici
664 3332 679 3356 ,
701 3313 804 3366 pro
809 3297 901 3363 fas
917 3312 1011 3348 est:
1028 3311 1162 3352 tunc

162 3372 395 3425 nomina
427 3392 797 3444 personarum
823 3390 950 3429 sunt
983 3375 1164 3431 delen-

166 3448 235 3503 da
255 3453 279 3517 ‚'
298 3464 357 3505 et
376 3471 571 3506 versus
594 3453 661 3523 39
676 3460 829 3517 -44
845 3456 1113 3528 jungendi
1140 3478 1153 3510 :

162 3547 265 3602 ego
292 3550 435 3585 vero
457 3571 475 3597 ,
502 3546 559 3586 et
590 3533 848 3589 eumdem
864 3574 879 3600 ‚
906 3536 1152 3589 adversa·

162 3612 310 3665 rium
325 3613 593 3679 arbitror,
618 3628 674 3667 et
686 3618 743 3669 τὸ
763 3618 863 3676 ait,
884 3616 1149 3679 hocloco,

120 3725 131 3730 -
160 3689 447 3762 irrepsisse
492 3693 730 3765 conjicio
747 3732 765 3759 ‚
803 3695 891 3747 vel
936 3695 1151 3748 incuria

160 3767 521 3824 librariorum
543 3810 559 3837 ‚
602 3774 688 3826 vel
746 3792 929 3826 errore
979 3774 1149 3845 ipsius

164 3852 434 3916 auctoris,
456 3852 555 3923 qui
576 3870 686 3906 non
708 3853 1046 3916 meminerit,
1062 3855 1148 3906 vel

164 3930 476 3983 meminisse
507 3930 785 3997 noluerit,
816 3950 870 3985 se
896 3932 963 3985 ab
988 3932 1149 3986 initio

1244 1527 1418 1594 satirae
1471 1541 1733 1618 dialogice
1779 1537 2031 1605 locutum
2085 1571 2216 1608 esse.

1243 1615 1368 1669 Non
1392 1617 1640 1676 dubitavi
1659 1624 1829 1696 igitur
1847 1627 1961 1680 haec
1981 1628 2230 1684 adversa-

1241 1696 1325 1748 rio
1355 1699 1598 1754 tribuere
1631 1705 1820 1776 (quod
1841 1709 1952 1779 jam
1979 1723 2104 1763 ante
2133 1730 2221 1765 me

1240 1777 1492 1834 fecerunt
1525 1783 1849 1857 interpretes
1879 1791 2218 1860 permulti),

1241 1876 1438 1931 parum
1483 1882 1680 1918 curans
1725 1868 1864 1921 illud
1908 1873 1986 1920 aie
2007 1909 2022 1933 ,
2067 1872 2224 1943 quod.

1240 1943 1566 2012 parenthesi·
1607 1945 1825 2001 inclusi.
1889 1950 2160 2004 Caeterum
2204 1988 2223 2016 ‚

1241 2021 1392 2072 nulla
1425 2023 1724 2094 simplicior
1755 2039 1810 2079 et
1839 2029 2019 2098 aptior
2051 2037 2220 2100 quam

1238 2112 1422 2154 nostra
1442 2101 1639 2175 dialogi
1665 2105 1866 2174 forma,
1890 2109 2041 2179 quod
2069 2125 2238 2166 recte·

1236 2179 1434 2232 sentiet
1454 2218 1471 2244 ‚
1498 2181 1834 2256 quicumque
1860 2200 2100 2241 nostram
2121 2209 2220 2260 pe·

1236 2256 1383 2333 nitus
1415 2262 1708 2316 excusserit
1734 2283 2091 2337 personarum
2109 2267 2219 2323 dis-

1236 2338 1578 2395 tinctionem.
1605 2345 1670 2396 A.

1311 2452 1401 2510 4²·
1437 2454 1500 2505 Os
1516 2452 1734 2522 populi]
1757 2456 1823 2507 Τὸ
1843 2451 1932 2509 διὰ
1949 2464 2034 2511 τοῦ
2054 2460 2215 2531 ςόμα·

1238 2548 1321 2589 τος
1350 2523 1471 2583 εἶναι
1489 2571 1502 2595 ,
1525 2531 1678 2603 quod
1706 2533 1849 2587 dixit
1867 2536 2096 2591 Ennius·
2119 2578 2131 2590 .
2162 2580 2174 2592 .
2202 2578 2216 2591 .

1244 2609 1582 2676 Volitobmivus
1603 2630 1701 2677 pet·
1734 2631 1824 2662 ora
1861 2614 2050 2665 ‘vit-dm.
2068 2622 2224 2669 —Ee

1239 2690 1385 2737 cedro
1427 2692 1600 2757 digna.
1642 2690 1836 2746 Libros
1881 2710 1948 2745 co
1995 2695 2215 2767 liquore

1240 2784 1408 2837 quem
1444 2766 1642 2821 cedrus
1683 2771 1911 2825 exsudat
1947 2774 2214 2842 linibant3

1242 2849 1369 2919 quia
1396 2868 1481 2903 res
1508 2864 1686 2905 unctae
1713 2851 1895 2904 cedria
1923 2853 2035 2921 (sic
2061 2854 2214 2909 hunc

1236 2928 1510 3000 liquorem
1549 2932 1855 3001 vocabant)
1890 2952 1919 2985 a
1959 2934 2119 2986 tineis
2159 2948 2218 2989 et

1236 3008 1379 3060 ca'rie
1421 3028 1532 3061 non
1570 3008 1870 3062 laeduntur.
1914 3011 2028 3065 Vid
2069 3014 2210 3067 Plin.

1234 3086 1334 3139 lib.
1363 3088 1536 3153 XIII,
1563 3093 1679 3161 ca‘p.
1712 3090 1792 3143 13.
1831 3091 1899 3143 G.

1233 3197 1237 3201 ’
1312 3194 1400 3257 43.
1421 3198 1522 3245 Nec
1537 3200 1820 3265 scombros}
1833 3196 2042 3270 Scripta
2060 3199 2216 3273 inep-

1239 3262 1450 3345 tanuae
1465 3292 1568 3327 nec
1578 3275 1698 3329 vult
1714 3277 2002 3349 quisquam
2017 3298 2218 3345 emere,

1238 3372 1341 3406 nec
1378 3367 1560 3425 potest
1595 3355 1897 3427 bibliopola
1937 3358 2213 3425 vendere,

1240 3432 1602 3505 deputantur*
1645 3436 1990 3489 involvendis
2055 3439 2218 3491 variis

1240 3515 1541 3577 mercibus,
1573 3534 1700 3586 garo
1719 3552 1744 3579 ,
1771 3517 1988 3587 piperi,
2015 3517 2213 3581 thuri,

1231 3606 1335 3645 etc.
1353 3626 1424 3635 —-
1439 3599 1672 3646 Scombn’.
1708 3595 1886 3649 Pisces
1901 3634 1918 3658 ‚
1941 3615 1970 3648 c
2011 3596 2220 3667 quibus

1230 3673 1504 3745 optimum
1525 3672 1687 3727 fiebat
1715 3692 1906 3745 garum
1924 3712 1941 3738 ‚
1970 3674 2082 3725 sive
2109 3674 2210 3749 sal-

1226 3763 1552 3806 samentum.
1587 3751 1720 3805 Vid.
1762 3753 1901 3804 Plin.
1943 3752 2043 3804 lib.
2087 3754 2209 3821 lx,
2245 3804 2272 3809 ,

1229 3852 1349 3905 cap.
1386 3833 1472 3887 15.
1495 3841 1718 3885 Prateus.

1302 3948 1390 4011 44.
1441 3943 1664 4008 Quisquis
1683 3960 1731 3991 es
1745 3978 1762 4000 ,
1797 3942 1828 3989 ὅ
1871 3943 2012 3994 modo
2028 3979 2044 4001 ,
2067 3957 2159 3993 ecc.
2182 3943 2202 4013 ]

212 4086 301 4133 fv.
322 4093 412 4141 4ο.
445 4084 549 4132 Ait.
575 4086 649 4133 Ita
668 4099 851 4145 omnes
871 4084 1070 4133 codices
1092 4085 1267 4133 nostri.
1289 4086 1408 4133 vid.
1429 4100 1578 4148 supra
1599 4084 2034 4132 commentarium.

230 4166 294 4213 V.
324 4174 413 4221 44.
439 4166 540 4213 Fas
564 4174 645 4213 esc.
666 4165 809 4213 Hanc
828 4164 1094 4213 lectionem
1119 4164 1313 4230 primus
1338 4163 1569 4213 revocavi
1591 4178 1657 4211 ex
1675 4162 1914 4213 omnibus
1931 4163 2036 4212 sere
2057 4165 2208 4214 codd.
