<?xml version="1.0" encoding="UTF-8"?>
<!DOCTYPE html PUBLIC "-//W3C//DTD XHTML 1.0 Transitional//EN"
    "http://www.w3.org/TR/xhtml1/DTD/xhtml1-transitional.dtd">
<html xmlns="http://www.w3.org/1999/xhtml" xml:lang="en" lang="en">
 <head>
  <title>
</title>
<meta http-equiv="Content-Type" content="text/html;charset=utf-8" />
  <meta name='ocr-system' content='tesseract 3.04.00' />
  <meta name='ocr-capabilities' content='ocr_page ocr_carea ocr_par ocr_line ocrx_word'/>
</head>
<body>
  <div class='ocr_page' id='page_1' title='image "aulipersiiflacc00achagoog_0156.png"; bbox 0 0 2775 4619; ppageno 0'>
   <div class='ocr_carea' id='block_1_1' title="bbox 591 405 712 451">
    <p class='ocr_par' dir='ltr' id='par_1_1' title="bbox 591 405 712 451">
     <span class='ocr_line' id='line_1_1' title="bbox 591 405 712 451; baseline 0 -1"><span class='ocrx_word' id='word_1_1' title='bbox 591 405 712 451; x_wconf 81' lang='lat'><strong>112</strong></span> 
     </span>
    </p>
   </div>
   <div class='ocr_carea' id='block_1_2' title="bbox 963 348 2241 448">
    <p class='ocr_par' dir='ltr' id='par_1_2' title="bbox 963 348 2241 448">
     <span class='ocr_line' id='line_1_2' title="bbox 963 348 2241 448; baseline 0.003 -4"><span class='ocrx_word' id='word_1_2' title='bbox 963 382 1041 445; x_wconf 84' lang='lat' dir='ltr'><strong>A.</strong></span> <span class='ocrx_word' id='word_1_3' title='bbox 1091 348 1416 445; x_wconf 56' lang='lat' dir='ltr'>PE‘RSH</span> <span class='ocrx_word' id='word_1_4' title='bbox 1466 378 1822 448; x_wconf 79' lang='lat' dir='ltr'><strong>FLAcc1</strong></span> <span class='ocrx_word' id='word_1_5' title='bbox 1866 379 2069 445; x_wconf 82' lang='lat' dir='ltr'><strong>SAT.</strong></span> <span class='ocrx_word' id='word_1_6' title='bbox 2119 378 2241 448; x_wconf 75' lang='grc' dir='ltr'><strong>[ν.</strong></span> 
     </span>
    </p>
   </div>
   <div class='ocr_carea' id='block_1_3' title="bbox 675 504 2327 594">
    <p class='ocr_par' dir='ltr' id='par_1_3' title="bbox 675 504 2327 594">
     <span class='ocr_line' id='line_1_3' title="bbox 675 504 2327 594; baseline -0.002 -21"><span class='ocrx_word' id='word_1_7' title='bbox 675 507 738 572; x_wconf 92' lang='lat' dir='ltr'>N</span> <span class='ocrx_word' id='word_1_8' title='bbox 741 506 1129 593; x_wconf 67' lang='lat' dir='ltr'><strong>equit-quam</strong></span> <span class='ocrx_word' id='word_1_9' title='bbox 1167 505 1415 594; x_wconf 87' lang='lat' dir='ltr'><strong>populo</strong></span> <span class='ocrx_word' id='word_1_10' title='bbox 1449 504 1707 581; x_wconf 77' lang='lat' dir='ltr'><strong>bibulas</strong></span> <span class='ocrx_word' id='word_1_11' title='bbox 1740 504 2087 571; x_wconf 84' lang='lat' dir='ltr'><strong>donaveris</strong></span> <span class='ocrx_word' id='word_1_12' title='bbox 2118 525 2327 569; x_wconf 85' lang='lat' dir='ltr'><strong>aures.</strong></span> 
     </span>
    </p>
   </div>
   <div class='ocr_carea' id='block_1_4' title="bbox 2570 512 2645 568">
    <p class='ocr_par' dir='ltr' id='par_1_4' title="bbox 2570 512 2645 568">
     <span class='ocr_line' id='line_1_4' title="bbox 2570 512 2645 568; baseline -0.013 0"><span class='ocrx_word' id='word_1_13' title='bbox 2570 512 2645 568; x_wconf 72' lang='grc' dir='ltr'><strong>ὄσ</strong></span> 
     </span>
    </p>
   </div>
   <div class='ocr_carea' id='block_1_5' title="bbox 678 618 2483 823">
    <p class='ocr_par' dir='ltr' id='par_1_5' title="bbox 678 618 2483 823">
     <span class='ocr_line' id='line_1_5' title="bbox 678 618 2407 711; baseline -0.002 -24"><span class='ocrx_word' id='word_1_14' title='bbox 678 624 932 711; x_wconf 88' lang='lat' dir='ltr'><strong>Respue</strong></span> <span class='ocrx_word' id='word_1_15' title='bbox 969 618 1148 708; x_wconf 89' lang='lat' dir='ltr'><strong>quod</strong></span> <span class='ocrx_word' id='word_1_16' title='bbox 1185 642 1318 683; x_wconf 91' lang='lat' dir='ltr'><strong>non</strong></span> <span class='ocrx_word' id='word_1_17' title='bbox 1351 640 1453 683; x_wconf 89' lang='lat' dir='ltr'><strong>es:</strong></span> <span class='ocrx_word' id='word_1_18' title='bbox 1488 619 1672 685; x_wconf 83' lang='lat' dir='ltr'><strong>tollat</strong></span> <span class='ocrx_word' id='word_1_19' title='bbox 1705 642 1821 683; x_wconf 87' lang='lat' dir='ltr'><strong>sua</strong></span> <span class='ocrx_word' id='word_1_20' title='bbox 1856 642 2129 685; x_wconf 86' lang='lat' dir='ltr'><strong>munera</strong></span> <span class='ocrx_word' id='word_1_21' title='bbox 2166 618 2407 685; x_wconf 83' lang='lat' dir='ltr'><strong>cerdo:</strong></span> 
     </span>
     <span class='ocr_line' id='line_1_6' title="bbox 679 734 2483 823; baseline -0.002 -21"><span class='ocrx_word' id='word_1_22' title='bbox 679 739 927 802; x_wconf 86' lang='lat' dir='ltr'><strong>Tecum</strong></span> <span class='ocrx_word' id='word_1_23' title='bbox 951 735 1212 817; x_wconf 84' lang='lat' dir='ltr'><strong>habita3</strong></span> <span class='ocrx_word' id='word_1_24' title='bbox 1247 734 1425 799; x_wconf 70' lang='lat' dir='ltr'><strong>noris</strong></span> <span class='ocrx_word' id='word_1_25' title='bbox 1455 737 1651 821; x_wconf 75' lang='lat' dir='ltr'><strong>quam</strong></span> <span class='ocrx_word' id='word_1_26' title='bbox 1686 734 1767 798; x_wconf 89' lang='lat' dir='ltr'><strong>sit</strong></span> <span class='ocrx_word' id='word_1_27' title='bbox 1801 734 1924 799; x_wconf 87' lang='lat' dir='ltr'><strong>tibi</strong></span> <span class='ocrx_word' id='word_1_28' title='bbox 1950 750 2134 799; x_wconf 82' lang='lat' dir='ltr'><strong>curta</strong></span> <span class='ocrx_word' id='word_1_29' title='bbox 2162 734 2483 823; x_wconf 81' lang='lat' dir='ltr'><strong>supellex.</strong></span> 
     </span>
    </p>
   </div>
   <div class='ocr_carea' id='block_1_6' title="bbox 563 916 1599 3475">
    <p class='ocr_par' dir='ltr' id='par_1_6' title="bbox 563 916 1599 3475">
     <span class='ocr_line' id='line_1_7' title="bbox 593 916 1574 997; baseline -0.005 -21"><span class='ocrx_word' id='word_1_30' title='bbox 593 923 846 997; x_wconf 86' lang='lat' dir='ltr'><strong>quinium</strong></span> <span class='ocrx_word' id='word_1_31' title='bbox 879 919 1127 993; x_wconf 89' lang='lat' dir='ltr'><strong>primum</strong></span> <span class='ocrx_word' id='word_1_32' title='bbox 1159 921 1412 987; x_wconf 84' lang='lat' dir='ltr'><strong>erecta),</strong></span> <span class='ocrx_word' id='word_1_33' title='bbox 1446 916 1574 971; x_wconf 83' lang='lat' dir='ltr'><strong>inde</strong></span> 
     </span>
     <span class='ocr_line' id='line_1_8' title="bbox 593 998 1575 1075; baseline -0.005 -21"><span class='ocrx_word' id='word_1_34' title='bbox 593 1021 696 1075; x_wconf 83' lang='lat' dir='ltr'><strong>per</strong></span> <span class='ocrx_word' id='word_1_35' title='bbox 727 1002 925 1073; x_wconf 82' lang='lat' dir='ltr'><strong>plateas</strong></span> <span class='ocrx_word' id='word_1_36' title='bbox 963 1012 1018 1052; x_wconf 90' lang='lat' dir='ltr'><strong>et</strong></span> <span class='ocrx_word' id='word_1_37' title='bbox 1053 999 1201 1053; x_wconf 82' lang='lat' dir='ltr'><strong>vicos</strong></span> <span class='ocrx_word' id='word_1_38' title='bbox 1247 1010 1300 1050; x_wconf 90' lang='lat' dir='ltr'><strong>et</strong></span> <span class='ocrx_word' id='word_1_39' title='bbox 1337 998 1575 1069; x_wconf 77' lang='lat' dir='ltr'><strong>compita</strong></span> 
     </span>
     <span class='ocr_line' id='line_1_9' title="bbox 593 1077 1576 1153; baseline -0.007 -17"><span class='ocrx_word' id='word_1_40' title='bbox 593 1082 807 1153; x_wconf 76' lang='lat' dir='ltr'><strong>vagari,</strong></span> <span class='ocrx_word' id='word_1_41' title='bbox 841 1092 896 1133; x_wconf 88' lang='lat' dir='ltr'><strong>et</strong></span> <span class='ocrx_word' id='word_1_42' title='bbox 927 1079 1115 1131; x_wconf 75' lang='lat' dir='ltr'><strong>obvios</strong></span> <span class='ocrx_word' id='word_1_43' title='bbox 1150 1077 1356 1131; x_wconf 76' lang='lat' dir='ltr'><strong>caedere</strong></span> <span class='ocrx_word' id='word_1_44' title='bbox 1385 1079 1576 1131; x_wconf 79' lang='lat' dir='ltr'><strong>vulne-</strong></span> 
     </span>
     <span class='ocr_line' id='line_1_10' title="bbox 593 1160 1578 1233; baseline -0.003 -20"><span class='ocrx_word' id='word_1_45' title='bbox 593 1163 750 1214; x_wconf 81' lang='lat' dir='ltr'>ribus</span> <span class='ocrx_word' id='word_1_46' title='bbox 780 1161 1092 1233; x_wconf 72' lang='lat' dir='ltr'><strong>petulanter</strong></span> <span class='ocrx_word' id='word_1_47' title='bbox 1123 1178 1186 1213; x_wconf 85' lang='lat' dir='ltr'><strong>ae</strong></span> <span class='ocrx_word' id='word_1_48' title='bbox 1215 1160 1428 1211; x_wconf 79' lang='lat' dir='ltr'><strong>lascive.</strong></span> <span class='ocrx_word' id='word_1_49' title='bbox 1464 1160 1578 1211; x_wconf 87' lang='lat' dir='ltr'><strong>Cur</strong></span> 
     </span>
     <span class='ocr_line' id='line_1_11' title="bbox 596 1240 1580 1310; baseline -0.005 -15"><span class='ocrx_word' id='word_1_50' title='bbox 596 1254 780 1295; x_wconf 85' lang='lat' dir='ltr'><strong>autem</strong></span> <span class='ocrx_word' id='word_1_51' title='bbox 785 1244 963 1309; x_wconf 76' lang='lat' dir='ltr'><strong>puteal</strong></span> <span class='ocrx_word' id='word_1_52' title='bbox 971 1252 1226 1293; x_wconf 83' lang='lat' dir='ltr'><strong>notanter</strong></span> <span class='ocrx_word' id='word_1_53' title='bbox 1243 1240 1580 1310; x_wconf 74' lang='lat' dir='ltr'><strong>expresserit,</strong></span> 
     </span>
     <span class='ocr_line' id='line_1_12' title="bbox 599 1318 1580 1391; baseline -0.006 -16"><span class='ocrx_word' id='word_1_54' title='bbox 599 1322 818 1387; x_wconf 75' lang='lat' dir='ltr'><strong>nesci03</strong></span> <span class='ocrx_word' id='word_1_55' title='bbox 841 1320 948 1373; x_wconf 84' lang='lat' dir='ltr'><strong>nisi</strong></span> <span class='ocrx_word' id='word_1_56' title='bbox 971 1319 1124 1391; x_wconf 85' lang='lat' dir='ltr'><strong>quod</strong></span> <span class='ocrx_word' id='word_1_57' title='bbox 1149 1318 1322 1390; x_wconf 84' lang='lat' dir='ltr'><strong>reipsa</strong></span> <span class='ocrx_word' id='word_1_58' title='bbox 1347 1320 1495 1371; x_wconf 85' lang='lat' dir='ltr'><strong>Nero</strong></span> <span class='ocrx_word' id='word_1_59' title='bbox 1520 1319 1580 1369; x_wconf 88' lang='lat' dir='ltr'><strong>in</strong></span> 
     </span>
     <span class='ocr_line' id='line_1_13' title="bbox 595 1397 1583 1469; baseline -0.006 -14"><span class='ocrx_word' id='word_1_60' title='bbox 595 1403 707 1455; x_wconf 84' lang='lat' dir='ltr'><strong>suis</strong></span> <span class='ocrx_word' id='word_1_61' title='bbox 731 1400 1012 1453; x_wconf 78' lang='lat' dir='ltr'><strong>nocturnis</strong></span> <span class='ocrx_word' id='word_1_62' title='bbox 1033 1397 1452 1453; x_wconf 78' lang='lat' dir='ltr'><strong>excursionibus</strong></span> <span class='ocrx_word' id='word_1_63' title='bbox 1472 1398 1583 1469; x_wconf 88' lang='lat' dir='ltr'><strong>pla·</strong></span> 
     </span>
     <span class='ocr_line' id='line_1_14' title="bbox 563 1477 1583 1553; baseline -0.004 -19"><span class='ocrx_word' id='word_1_64' title='bbox 563 1490 571 1498; x_wconf 92' lang='grc'><em>“</em></span> <span class='ocrx_word' id='word_1_65' title='bbox 597 1500 690 1553; x_wconf 82' lang='lat' dir='ltr'><strong>gas</strong></span> <span class='ocrx_word' id='word_1_66' title='bbox 709 1481 954 1551; x_wconf 77' lang='lat' dir='ltr'><strong>(vibices)</strong></span> <span class='ocrx_word' id='word_1_67' title='bbox 974 1478 1222 1531; x_wconf 86' lang='lat' dir='ltr'><strong>intulerit</strong></span> <span class='ocrx_word' id='word_1_68' title='bbox 1241 1491 1296 1531; x_wconf 88' lang='lat' dir='ltr'><strong>et</strong></span> <span class='ocrx_word' id='word_1_69' title='bbox 1315 1477 1583 1549; x_wconf 85' lang='lat' dir='ltr'><strong>acceperit</strong></span> 
     </span>
     <span class='ocr_line' id='line_1_15' title="bbox 597 1557 1583 1633; baseline -0.004 -20"><span class='ocrx_word' id='word_1_70' title='bbox 597 1562 786 1633; x_wconf 87' lang='lat' dir='ltr'><strong>plures</strong></span> <span class='ocrx_word' id='word_1_71' title='bbox 807 1561 884 1613; x_wconf 90' lang='lat' dir='ltr'><strong>ibi</strong></span> <span class='ocrx_word' id='word_1_72' title='bbox 909 1566 1072 1632; x_wconf 69' lang='lat' dir='ltr'><strong>quam</strong></span> <span class='ocrx_word' id='word_1_73' title='bbox 1101 1577 1449 1631; x_wconf 85' lang='lat' dir='ltr'><strong>quocumque</strong></span> <span class='ocrx_word' id='word_1_74' title='bbox 1477 1557 1583 1611; x_wconf 86' lang='lat' dir='ltr'><strong>alio</strong></span> 
     </span>
     <span class='ocr_line' id='line_1_16' title="bbox 598 1639 1583 1712; baseline -0.003 -19"><span class='ocrx_word' id='word_1_75' title='bbox 598 1643 755 1708; x_wconf 84' lang='lat' dir='ltr'><strong>loco;</strong></span> <span class='ocrx_word' id='word_1_76' title='bbox 775 1641 880 1694; x_wconf 86' lang='lat' dir='ltr'><strong>nisi</strong></span> <span class='ocrx_word' id='word_1_77' title='bbox 901 1641 1044 1693; x_wconf 84' lang='lat' dir='ltr'><strong>sorte</strong></span> <span class='ocrx_word' id='word_1_78' title='bbox 1069 1639 1218 1712; x_wconf 75' lang='lat' dir='ltr'><strong>quod</strong></span> <span class='ocrx_word' id='word_1_79' title='bbox 1245 1646 1411 1711; x_wconf 72' lang='lat' dir='ltr'><strong>poeta</strong></span> <span class='ocrx_word' id='word_1_80' title='bbox 1433 1640 1583 1692; x_wconf 87' lang='lat' dir='ltr'><strong>hunc</strong></span> 
     </span>
     <span class='ocr_line' id='line_1_17' title="bbox 599 1720 1585 1791; baseline -0.003 -16"><span class='ocrx_word' id='word_1_81' title='bbox 599 1724 786 1775; x_wconf 89' lang='lat' dir='ltr'><strong>locum</strong></span> <span class='ocrx_word' id='word_1_82' title='bbox 814 1720 1084 1774; x_wconf 79' lang='lat' dir='ltr'><strong>notaverit</strong></span> <span class='ocrx_word' id='word_1_83' title='bbox 1106 1721 1276 1774; x_wconf 80' lang='lat' dir='ltr'><strong>veluti</strong></span> <span class='ocrx_word' id='word_1_84' title='bbox 1297 1758 1313 1785; x_wconf 92' lang='lat'>‚</span> <span class='ocrx_word' id='word_1_85' title='bbox 1337 1732 1402 1773; x_wconf 89' lang='lat' dir='ltr'><strong>ut</strong></span> <span class='ocrx_word' id='word_1_86' title='bbox 1426 1738 1585 1791; x_wconf 87' lang='lat' dir='ltr'><strong>appa-</strong></span> 
     </span>
     <span class='ocr_line' id='line_1_18' title="bbox 601 1800 1583 1873; baseline -0.003 -17"><span class='ocrx_word' id='word_1_87' title='bbox 601 1816 714 1865; x_wconf 87' lang='lat' dir='ltr'><strong>ret,</strong></span> <span class='ocrx_word' id='word_1_88' title='bbox 742 1800 1071 1873; x_wconf 84' lang='lat' dir='ltr'><strong>flagitiorum</strong></span> <span class='ocrx_word' id='word_1_89' title='bbox 1101 1801 1439 1864; x_wconf 87' lang='lat' dir='ltr'><strong>multorum,</strong></span> <span class='ocrx_word' id='word_1_90' title='bbox 1463 1818 1583 1871; x_wconf 66' lang='lat' dir='ltr'><strong>quae</strong></span> 
     </span>
     <span class='ocr_line' id='line_1_19' title="bbox 603 1881 1581 1943; baseline -0.002 -8"><span class='ocrx_word' id='word_1_91' title='bbox 603 1896 775 1936; x_wconf 89' lang='lat' dir='ltr'><strong>noctu</strong></span> <span class='ocrx_word' id='word_1_92' title='bbox 796 1882 1013 1943; x_wconf 81' lang='lat' dir='ltr'><strong>fierent,</strong></span> <span class='ocrx_word' id='word_1_93' title='bbox 1031 1881 1270 1934; x_wconf 83' lang='lat' dir='ltr'><strong>solemne</strong></span> <span class='ocrx_word' id='word_1_94' title='bbox 1291 1882 1581 1934; x_wconf 86' lang='lat' dir='ltr'><strong>theatrum.</strong></span> 
     </span>
     <span class='ocr_line' id='line_1_20' title="bbox 603 1961 1589 2017; baseline -0.004 0"><span class='ocrx_word' id='word_1_95' title='bbox 603 1966 746 2017; x_wconf 86' lang='lat' dir='ltr'><strong>Nota</strong></span> <span class='ocrx_word' id='word_1_96' title='bbox 773 1976 904 2016; x_wconf 84' lang='lat' dir='ltr'><strong>sunt</strong></span> <span class='ocrx_word' id='word_1_97' title='bbox 929 1963 1019 2015; x_wconf 86' lang='lat' dir='ltr'><strong>illa</strong></span> <span class='ocrx_word' id='word_1_98' title='bbox 1045 1962 1260 2015; x_wconf 62' lang='lat' dir='ltr'><strong>Seneca</strong></span> <span class='ocrx_word' id='word_1_99' title='bbox 1287 1961 1357 2015; x_wconf 86' lang='lat' dir='ltr'><strong>de</strong></span> <span class='ocrx_word' id='word_1_100' title='bbox 1382 1961 1589 2015; x_wconf 84' lang='lat' dir='ltr'><strong>Benefi-</strong></span> 
     </span>
     <span class='ocr_line' id='line_1_21' title="bbox 605 2044 1587 2113; baseline -0.005 -16"><span class='ocrx_word' id='word_1_101' title='bbox 605 2044 703 2097; x_wconf 87' lang='lat' dir='ltr'><strong>ciis</strong></span> <span class='ocrx_word' id='word_1_102' title='bbox 719 2082 735 2109; x_wconf 89' lang='lat'>‚</span> <span class='ocrx_word' id='word_1_103' title='bbox 757 2044 852 2096; x_wconf 83' lang='lat' dir='ltr'><strong>lib.</strong></span> <span class='ocrx_word' id='word_1_104' title='bbox 868 2044 950 2095; x_wconf 86' lang='lat' dir='ltr'><strong>VI</strong></span> <span class='ocrx_word' id='word_1_105' title='bbox 968 2061 982 2093; x_wconf 70' lang='grc' dir='ltr'><strong>ι</strong></span> <span class='ocrx_word' id='word_1_106' title='bbox 1007 2045 1154 2093; x_wconf 79' lang='lat' dir='ltr'><strong>Divus</strong></span> <span class='ocrx_word' id='word_1_107' title='bbox 1170 2048 1417 2110; x_wconf 80' lang='lat' dir='ltr'><strong>Augustus</strong></span> <span class='ocrx_word' id='word_1_108' title='bbox 1418 2044 1587 2113; x_wconf 81' lang='lat' dir='ltr'><strong>filiam</strong></span> 
     </span>
     <span class='ocr_line' id='line_1_22' title="bbox 607 2126 1590 2191; baseline -0.004 -15"><span class='ocrx_word' id='word_1_109' title='bbox 607 2129 740 2177; x_wconf 77' lang='lat' dir='ltr'><strong>intra</strong></span> <span class='ocrx_word' id='word_1_110' title='bbox 758 2126 1014 2191; x_wconf 60' lang='lat' dir='ltr'><strong>pudicitia!</strong></span> <span class='ocrx_word' id='word_1_111' title='bbox 1043 2128 1354 2175; x_wconf 77' lang='lat' dir='ltr'><strong>maledictum</strong></span> <span class='ocrx_word' id='word_1_112' title='bbox 1377 2126 1590 2191; x_wconf 85' lang='lat' dir='ltr'><strong>impudi-</strong></span> 
     </span>
     <span class='ocr_line' id='line_1_23' title="bbox 607 2205 1590 2275; baseline -0.002 -20"><span class='ocrx_word' id='word_1_113' title='bbox 607 2225 719 2255; x_wconf 87' lang='lat' dir='ltr'><strong>cam</strong></span> <span class='ocrx_word' id='word_1_114' title='bbox 738 2207 996 2271; x_wconf 78' lang='lat' dir='ltr'><strong>relegavit,</strong></span> <span class='ocrx_word' id='word_1_115' title='bbox 1020 2205 1282 2275; x_wconf 76' lang='lat' dir='ltr'><strong>etflagitia</strong></span> <span class='ocrx_word' id='word_1_116' title='bbox 1296 2206 1590 2271; x_wconf 63' lang='lat' dir='ltr'><strong>principdis</strong></span> 
     </span>
     <span class='ocr_line' id='line_1_24' title="bbox 605 2285 1590 2350; baseline -0.002 -14"><span class='ocrx_word' id='word_1_117' title='bbox 605 2288 777 2336; x_wconf 84' lang='lat' dir='ltr'><strong>domus</strong></span> <span class='ocrx_word' id='word_1_118' title='bbox 801 2286 852 2335; x_wconf 84' lang='lat' dir='ltr'><strong>in</strong></span> <span class='ocrx_word' id='word_1_119' title='bbox 870 2286 1126 2350; x_wconf 84' lang='lat' dir='ltr'><strong>publicum</strong></span> <span class='ocrx_word' id='word_1_120' title='bbox 1154 2285 1339 2334; x_wconf 77' lang='lat' dir='ltr'><strong>emisit:</strong></span> <span class='ocrx_word' id='word_1_121' title='bbox 1361 2286 1590 2334; x_wconf 85' lang='lat' dir='ltr'><strong>admissos</strong></span> 
     </span>
     <span class='ocr_line' id='line_1_25' title="bbox 602 2367 1593 2434; baseline 0 -20"><span class='ocrx_word' id='word_1_122' title='bbox 602 2367 852 2434; x_wconf 75' lang='lat' dir='ltr'><strong>gregatim</strong></span> <span class='ocrx_word' id='word_1_123' title='bbox 871 2367 1135 2423; x_wconf 82' lang='lat' dir='ltr'><strong>adulteros,</strong></span> <span class='ocrx_word' id='word_1_124' title='bbox 1151 2379 1457 2430; x_wconf 79' lang='lat' dir='ltr'><strong>pererratam</strong></span> <span class='ocrx_word' id='word_1_125' title='bbox 1479 2383 1593 2414; x_wconf 81' lang='lat' dir='ltr'><strong>noc-</strong></span> 
     </span>
     <span class='ocr_line' id='line_1_26' title="bbox 610 2445 1592 2511; baseline 0 -17"><span class='ocrx_word' id='word_1_126' title='bbox 610 2447 766 2494; x_wconf 83' lang='lat' dir='ltr'><strong>turnis</strong></span> <span class='ocrx_word' id='word_1_127' title='bbox 785 2446 1206 2495; x_wconf 78' lang='lat' dir='ltr'><strong>comessationibus</strong></span> <span class='ocrx_word' id='word_1_128' title='bbox 1231 2445 1469 2494; x_wconf 75' lang='lat' dir='ltr'><strong>civitatem</strong></span> <span class='ocrx_word' id='word_1_129' title='bbox 1482 2445 1592 2511; x_wconf 88' lang='lat' dir='ltr'><strong>,fo-</strong></span> 
     </span>
     <span class='ocr_line' id='line_1_27' title="bbox 611 2527 1593 2592; baseline -0.002 -16"><span class='ocrx_word' id='word_1_130' title='bbox 611 2545 722 2588; x_wconf 63' lang='lat' dir='ltr'><strong>rum</strong></span> <span class='ocrx_word' id='word_1_131' title='bbox 736 2528 887 2592; x_wconf 86' lang='lat' dir='ltr'><strong>ipsum</strong></span> <span class='ocrx_word' id='word_1_132' title='bbox 901 2544 962 2574; x_wconf 89' lang='lat' dir='ltr'><strong>ac</strong></span> <span class='ocrx_word' id='word_1_133' title='bbox 975 2538 1134 2574; x_wconf 77' lang='lat' dir='ltr'><strong>rostra</strong></span> <span class='ocrx_word' id='word_1_134' title='bbox 1145 2563 1162 2585; x_wconf 90' lang='lat'><strong><em>,</em></strong></span> <span class='ocrx_word' id='word_1_135' title='bbox 1180 2543 1246 2574; x_wconf 80' lang='lat' dir='ltr'><strong>ex</strong></span> <span class='ocrx_word' id='word_1_136' title='bbox 1261 2527 1437 2590; x_wconf 79' lang='lat' dir='ltr'><strong>quibus</strong></span> <span class='ocrx_word' id='word_1_137' title='bbox 1443 2539 1593 2591; x_wconf 84' lang='lat' dir='ltr'><strong>pater</strong></span> 
     </span>
     <span class='ocr_line' id='line_1_28' title="bbox 611 2607 1589 2676; baseline -0.001 -20"><span class='ocrx_word' id='word_1_138' title='bbox 611 2611 766 2674; x_wconf 74' lang='lat' dir='ltr'><strong>Iegem</strong></span> <span class='ocrx_word' id='word_1_139' title='bbox 794 2609 856 2655; x_wconf 83' lang='lat' dir='ltr'><strong>de</strong></span> <span class='ocrx_word' id='word_1_140' title='bbox 885 2607 1139 2656; x_wconf 76' lang='lat' dir='ltr'><strong>adulteriis</strong></span> <span class='ocrx_word' id='word_1_141' title='bbox 1169 2609 1352 2656; x_wconf 75' lang='lat' dir='ltr'><strong>tulerat</strong></span> <span class='ocrx_word' id='word_1_142' title='bbox 1366 2607 1521 2676; x_wconf 83' lang='lat' dir='ltr'><strong>‚filioe</strong></span> <span class='ocrx_word' id='word_1_143' title='bbox 1536 2607 1589 2655; x_wconf 82' lang='lat' dir='ltr'><strong>in</strong></span> 
     </span>
     <span class='ocr_line' id='line_1_29' title="bbox 609 2685 1587 2753; baseline 0 -17"><span class='ocrx_word' id='word_1_144' title='bbox 609 2701 781 2753; x_wconf 76' lang='lat' dir='ltr'><strong>stupra</strong></span> <span class='ocrx_word' id='word_1_145' title='bbox 817 2689 1062 2753; x_wconf 79' lang='lat' dir='ltr'><strong>placuisse</strong></span> <span class='ocrx_word' id='word_1_146' title='bbox 1063 2722 1197 2736; x_wconf 88' lang='grc'><strong>.....</strong></span> <span class='ocrx_word' id='word_1_147' title='bbox 1238 2685 1309 2736; x_wconf 89' lang='lat' dir='ltr'><strong>Et</strong></span> <span class='ocrx_word' id='word_1_148' title='bbox 1355 2685 1547 2738; x_wconf 81' lang='lat' dir='ltr'><strong>Dionis</strong></span> <span class='ocrx_word' id='word_1_149' title='bbox 1571 2723 1587 2750; x_wconf 92' lang='lat'>,</span> 
     </span>
     <span class='ocr_line' id='line_1_30' title="bbox 607 2759 1592 2838; baseline -0.007 -14"><span class='ocrx_word' id='word_1_150' title='bbox 607 2769 640 2824; x_wconf 69' lang='grc' dir='ltr'>ἢ</span> <span class='ocrx_word' id='word_1_151' title='bbox 661 2759 820 2821; x_wconf 52' lang='lat' dir='ltr'><strong>iutilia</strong></span> <span class='ocrx_word' id='word_1_152' title='bbox 835 2768 1199 2838; x_wconf 75' lang='grc' dir='ltr'><strong>ἀσελγαίνοῡσα</strong></span> <span class='ocrx_word' id='word_1_153' title='bbox 1215 2764 1270 2824; x_wconf 65' lang='grc' dir='ltr'><strong>ἦν</strong></span> <span class='ocrx_word' id='word_1_154' title='bbox 1290 2768 1441 2828; x_wconf 70' lang='grc' dir='ltr'><strong>αὕτως</strong></span> <span class='ocrx_word' id='word_1_155' title='bbox 1458 2805 1473 2832; x_wconf 83' lang='grc'><em>,</em></span> <span class='ocrx_word' id='word_1_156' title='bbox 1496 2767 1592 2818; x_wconf 82' lang='grc' dir='ltr'><strong>ὥσ·</strong></span> 
     </span>
     <span class='ocr_line' id='line_1_31' title="bbox 604 2847 1590 2920; baseline -0.003 -19"><span class='ocrx_word' id='word_1_157' title='bbox 604 2869 670 2902; x_wconf 73' lang='grc' dir='ltr'><strong>τι</strong></span> <span class='ocrx_word' id='word_1_158' title='bbox 698 2851 782 2901; x_wconf 76' lang='grc' dir='ltr'><strong>καὶ</strong></span> <span class='ocrx_word' id='word_1_159' title='bbox 819 2851 867 2901; x_wconf 72' lang='grc' dir='ltr'><strong>ἐν</strong></span> <span class='ocrx_word' id='word_1_160' title='bbox 898 2854 964 2918; x_wconf 81' lang='grc' dir='ltr'><strong>τῇ</strong></span> <span class='ocrx_word' id='word_1_161' title='bbox 999 2849 1188 2920; x_wconf 78' lang='grc' dir='ltr'><strong>ἀγορᾷ,</strong></span> <span class='ocrx_word' id='word_1_162' title='bbox 1217 2847 1299 2901; x_wconf 78' lang='grc' dir='ltr'><strong>καὶ</strong></span> <span class='ocrx_word' id='word_1_163' title='bbox 1329 2849 1426 2900; x_wconf 77' lang='grc' dir='ltr'><strong>ἐπ”</strong></span> <span class='ocrx_word' id='word_1_164' title='bbox 1444 2847 1590 2899; x_wconf 80' lang='grc' dir='ltr'><strong>ἀυτοῦ</strong></span> 
     </span>
     <span class='ocr_line' id='line_1_32' title="bbox 605 2927 1591 3000; baseline -0.004 -18"><span class='ocrx_word' id='word_1_165' title='bbox 605 2949 666 3000; x_wconf 82' lang='grc' dir='ltr'><strong>γε</strong></span> <span class='ocrx_word' id='word_1_166' title='bbox 689 2934 775 2982; x_wconf 79' lang='grc' dir='ltr'><strong>τοῦ</strong></span> <span class='ocrx_word' id='word_1_167' title='bbox 799 2929 1023 2999; x_wconf 64' lang='grc' dir='ltr'>βήματος</span> <span class='ocrx_word' id='word_1_168' title='bbox 1043 2929 1128 2981; x_wconf 79' lang='grc' dir='ltr'><strong>καὶ</strong></span> <span class='ocrx_word' id='word_1_169' title='bbox 1145 2927 1386 2998; x_wconf 77' lang='grc' dir='ltr'><strong>κωμάζειν</strong></span> <span class='ocrx_word' id='word_1_170' title='bbox 1405 2928 1591 2998; x_wconf 72' lang='grc' dir='ltr'><strong>νύκτωρ</strong></span> 
     </span>
     <span class='ocr_line' id='line_1_33' title="bbox 611 2999 1592 3080; baseline -0.002 -20"><span class='ocrx_word' id='word_1_171' title='bbox 611 3008 696 3061; x_wconf 80' lang='grc' dir='ltr'><strong>καὶ</strong></span> <span class='ocrx_word' id='word_1_172' title='bbox 709 3010 985 3079; x_wconf 76' lang='grc' dir='ltr'><strong>συμπίνειν.</strong></span> <span class='ocrx_word' id='word_1_173' title='bbox 999 2999 1379 3080; x_wconf 74' lang='lat' dir='ltr'><strong>&#39;Videquoque</strong></span> <span class='ocrx_word' id='word_1_174' title='bbox 1394 3008 1425 3059; x_wconf 89' lang='lat' dir='ltr'><strong>J</strong></span> <span class='ocrx_word' id='word_1_175' title='bbox 1429 3023 1592 3060; x_wconf 80' lang='lat' dir='ltr'><strong>uven.</strong></span> 
     </span>
     <span class='ocr_line' id='line_1_34' title="bbox 613 3083 1595 3158; baseline -0.002 -20"><span class='ocrx_word' id='word_1_176' title='bbox 613 3100 709 3139; x_wconf 81' lang='lat' dir='ltr'><strong>sat.</strong></span> <span class='ocrx_word' id='word_1_177' title='bbox 730 3087 814 3138; x_wconf 87' lang='lat' dir='ltr'><strong>VI</strong></span> <span class='ocrx_word' id='word_1_178' title='bbox 832 3125 849 3150; x_wconf 93' lang='lat'><strong>‚</strong></span> <span class='ocrx_word' id='word_1_179' title='bbox 873 3107 926 3140; x_wconf 81' lang='lat' dir='ltr'><strong>v.</strong></span> <span class='ocrx_word' id='word_1_180' title='bbox 953 3087 1054 3139; x_wconf 76' lang='lat'><strong>302</strong></span> <span class='ocrx_word' id='word_1_181' title='bbox 1080 3099 1133 3138; x_wconf 90' lang='lat' dir='ltr'><strong>et</strong></span> <span class='ocrx_word' id='word_1_182' title='bbox 1151 3105 1299 3158; x_wconf 84' lang='lat' dir='ltr'><strong>seqq.</strong></span> <span class='ocrx_word' id='word_1_183' title='bbox 1319 3083 1390 3138; x_wconf 91' lang='lat' dir='ltr'><strong>de</strong></span> <span class='ocrx_word' id='word_1_184' title='bbox 1406 3086 1595 3138; x_wconf 82' lang='lat' dir='ltr'><strong>Maura</strong></span> 
     </span>
     <span class='ocr_line' id='line_1_35' title="bbox 611 3165 1597 3237; baseline 0 -19"><span class='ocrx_word' id='word_1_185' title='bbox 611 3166 884 3236; x_wconf 82' lang='lat' dir='ltr'><strong>sociisque</strong></span> <span class='ocrx_word' id='word_1_186' title='bbox 925 3169 1039 3237; x_wconf 86' lang='lat' dir='ltr'><strong>ejus</strong></span> <span class='ocrx_word' id='word_1_187' title='bbox 1081 3165 1218 3237; x_wconf 85' lang='lat' dir='ltr'><strong>quid</strong></span> <span class='ocrx_word' id='word_1_188' title='bbox 1264 3165 1428 3221; x_wconf 84' lang='lat' dir='ltr'><strong>dicat.</strong></span> <span class='ocrx_word' id='word_1_189' title='bbox 1468 3165 1597 3218; x_wconf 80' lang='lat' dir='ltr'><strong>Haec</strong></span> 
     </span>
     <span class='ocr_line' id='line_1_36' title="bbox 605 3244 1597 3298; baseline 0.001 -1"><span class='ocrx_word' id='word_1_190' title='bbox 605 3245 742 3297; x_wconf 70' lang='lat' dir='ltr'><strong>satis</strong></span> <span class='ocrx_word' id='word_1_191' title='bbox 765 3258 894 3297; x_wconf 85' lang='lat' dir='ltr'><strong>sunt</strong></span> <span class='ocrx_word' id='word_1_192' title='bbox 927 3244 997 3297; x_wconf 87' lang='lat' dir='ltr'><strong>ad</strong></span> <span class='ocrx_word' id='word_1_193' title='bbox 1036 3245 1461 3298; x_wconf 74' lang='lat' dir='ltr'><strong>confirmandam</strong></span> <span class='ocrx_word' id='word_1_194' title='bbox 1493 3245 1597 3298; x_wconf 88' lang='lat' dir='ltr'><strong>Ca-</strong></span> 
     </span>
     <span class='ocr_line' id='line_1_37' title="bbox 614 3325 1595 3407; baseline 0 -31"><span class='ocrx_word' id='word_1_195' title='bbox 614 3326 767 3377; x_wconf 82' lang='lat' dir='ltr'><strong>saub.</strong></span> <span class='ocrx_word' id='word_1_196' title='bbox 790 3327 1192 3407; x_wconf 66' lang='lat' dir='ltr'><strong>conjecturam,</strong></span> <span class='ocrx_word' id='word_1_197' title='bbox 1213 3343 1334 3396; x_wconf 80' lang='lat' dir='ltr'><strong>quae</strong></span> <span class='ocrx_word' id='word_1_198' title='bbox 1353 3325 1595 3396; x_wconf 88' lang='lat' dir='ltr'><strong>alioquin</strong></span> 
     </span>
     <span class='ocr_line' id='line_1_38' title="bbox 615 3405 1599 3475; baseline 0 -19"><span class='ocrx_word' id='word_1_199' title='bbox 615 3423 746 3457; x_wconf 82' lang='lat' dir='ltr'><strong>cum</strong></span> <span class='ocrx_word' id='word_1_200' title='bbox 767 3405 1000 3457; x_wconf 80' lang='lat' dir='ltr'><strong>Neronis</strong></span> <span class='ocrx_word' id='word_1_201' title='bbox 1013 3417 1180 3475; x_wconf 81' lang='lat' dir='ltr'><strong>atque</strong></span> <span class='ocrx_word' id='word_1_202' title='bbox 1193 3406 1353 3457; x_wconf 84' lang='lat' dir='ltr'><strong>etiam</strong></span> <span class='ocrx_word' id='word_1_203' title='bbox 1366 3405 1599 3458; x_wconf 79' lang='lat' dir='ltr'><strong>Alcibia-</strong></span> 
     </span>
    </p>
   </div>
   <div class='ocr_carea' id='block_1_7' title="bbox 1654 918 2732 2271">
    <p class='ocr_par' dir='ltr' id='par_1_7' title="bbox 1654 918 2647 1309">
     <span class='ocr_line' id='line_1_39' title="bbox 1726 918 2644 989; baseline 0.002 -18"><span class='ocrx_word' id='word_1_204' title='bbox 1726 918 1816 971; x_wconf 85' lang='grc'><strong>50.</strong></span> <span class='ocrx_word' id='word_1_205' title='bbox 1846 921 2189 985; x_wconf 79' lang='lat' dir='ltr'><strong>Nequicquam</strong></span> <span class='ocrx_word' id='word_1_206' title='bbox 2207 924 2429 987; x_wconf 81' lang='lat' dir='ltr'><strong>populo,</strong></span> <span class='ocrx_word' id='word_1_207' title='bbox 2458 925 2572 989; x_wconf 66' lang='lat' dir='ltr'><strong>eta]</strong></span> <span class='ocrx_word' id='word_1_208' title='bbox 2588 918 2644 973; x_wconf 88' lang='lat' dir='ltr'><strong>Si</strong></span> 
     </span>
     <span class='ocr_line' id='line_1_40' title="bbox 1654 998 2643 1069; baseline 0.003 -19"><span class='ocrx_word' id='word_1_209' title='bbox 1654 1010 1707 1050; x_wconf 87' lang='lat' dir='ltr'><strong>te</strong></span> <span class='ocrx_word' id='word_1_210' title='bbox 1738 1010 1939 1069; x_wconf 86' lang='lat' dir='ltr'><strong>tuaque</strong></span> <span class='ocrx_word' id='word_1_211' title='bbox 1959 998 2092 1052; x_wconf 79' lang='lat' dir='ltr'><strong>vitia</strong></span> <span class='ocrx_word' id='word_1_212' title='bbox 2126 1000 2346 1053; x_wconf 81' lang='lat' dir='ltr'><strong>noveris</strong></span> <span class='ocrx_word' id='word_1_213' title='bbox 2365 1037 2383 1063; x_wconf 89' lang='lat'>‚</span> <span class='ocrx_word' id='word_1_214' title='bbox 2410 1019 2537 1052; x_wconf 88' lang='lat' dir='ltr'><strong>non</strong></span> <span class='ocrx_word' id='word_1_215' title='bbox 2569 1013 2643 1053; x_wconf 89' lang='lat' dir='ltr'><strong>est</strong></span> 
     </span>
     <span class='ocr_line' id='line_1_41' title="bbox 1656 1076 2647 1151; baseline 0.002 -22"><span class='ocrx_word' id='word_1_216' title='bbox 1656 1076 1807 1149; x_wconf 80' lang='lat' dir='ltr'><strong>quod</strong></span> <span class='ocrx_word' id='word_1_217' title='bbox 1820 1089 2103 1148; x_wconf 82' lang='lat' dir='ltr'><strong>tantopere</strong></span> <span class='ocrx_word' id='word_1_218' title='bbox 2122 1078 2539 1131; x_wconf 86' lang='lat' dir='ltr'><strong>adulationibus</strong></span> <span class='ocrx_word' id='word_1_219' title='bbox 2556 1100 2647 1151; x_wconf 83' lang='lat' dir='ltr'><strong>po·</strong></span> 
     </span>
     <span class='ocr_line' id='line_1_42' title="bbox 1654 1154 2645 1228; baseline -0.001 -19"><span class='ocrx_word' id='word_1_220' title='bbox 1654 1157 1779 1228; x_wconf 75' lang='lat' dir='ltr'><strong>puli</strong></span> <span class='ocrx_word' id='word_1_221' title='bbox 1798 1154 2085 1209; x_wconf 72' lang='lat' dir='ltr'><strong>adhaereas.</strong></span> <span class='ocrx_word' id='word_1_222' title='bbox 2100 1188 2171 1197; x_wconf 89' lang='lat'><em>-</em></span> <span class='ocrx_word' id='word_1_223' title='bbox 2185 1160 2460 1221; x_wconf 78' lang='lat' dir='ltr'><strong>Bibulas....</strong></span> <span class='ocrx_word' id='word_1_224' title='bbox 2491 1179 2645 1210; x_wconf 84' lang='lat' dir='ltr'><strong>aures.</strong></span> 
     </span>
     <span class='ocr_line' id='line_1_43' title="bbox 1658 1234 2374 1309; baseline 0 -20"><span class='ocrx_word' id='word_1_225' title='bbox 1658 1234 1840 1289; x_wconf 74' lang='lat' dir='ltr'><strong>avidas</strong></span> <span class='ocrx_word' id='word_1_226' title='bbox 1856 1236 2033 1290; x_wconf 87' lang='lat' dir='ltr'><strong>laudis</strong></span> <span class='ocrx_word' id='word_1_227' title='bbox 2052 1250 2105 1290; x_wconf 89' lang='lat' dir='ltr'><strong>et</strong></span> <span class='ocrx_word' id='word_1_228' title='bbox 2129 1238 2374 1309; x_wconf 71' lang='lat' dir='ltr'><strong>plausus.</strong></span> 
     </span>
    </p>

    <p class='ocr_par' dir='ltr' id='par_1_8' title="bbox 1659 1316 2732 2271">
     <span class='ocr_line' id='line_1_44' title="bbox 1732 1316 2647 1387; baseline 0 -18"><span class='ocrx_word' id='word_1_229' title='bbox 1732 1316 1761 1369; x_wconf 84' lang='grc'><strong>5</strong></span> <span class='ocrx_word' id='word_1_230' title='bbox 1774 1334 1793 1367; x_wconf 82' lang='lat'>1</span> <span class='ocrx_word' id='word_1_231' title='bbox 1807 1354 1819 1367; x_wconf 95' lang='lat'><strong>.</strong></span> <span class='ocrx_word' id='word_1_232' title='bbox 1845 1322 2027 1384; x_wconf 79' lang='lat' dir='ltr'><strong>Respue</strong></span> <span class='ocrx_word' id='word_1_233' title='bbox 2044 1321 2183 1384; x_wconf 81' lang='lat' dir='ltr'><strong>quod</strong></span> <span class='ocrx_word' id='word_1_234' title='bbox 2197 1338 2298 1369; x_wconf 81' lang='lat' dir='ltr'><strong>non</strong></span> <span class='ocrx_word' id='word_1_235' title='bbox 2318 1318 2404 1387; x_wconf 88' lang='lat' dir='ltr'><strong>es.]</strong></span> <span class='ocrx_word' id='word_1_236' title='bbox 2436 1318 2528 1369; x_wconf 87' lang='lat' dir='ltr'><strong>Ne</strong></span> <span class='ocrx_word' id='word_1_237' title='bbox 2550 1318 2647 1369; x_wconf 83' lang='lat' dir='ltr'><strong>tihi</strong></span> 
     </span>
     <span class='ocr_line' id='line_1_45' title="bbox 1660 1394 2726 1469; baseline 0.003 -22"><span class='ocrx_word' id='word_1_238' title='bbox 1660 1414 1847 1466; x_wconf 74' lang='lat' dir='ltr'><strong>arx-oga</strong></span> <span class='ocrx_word' id='word_1_239' title='bbox 1868 1394 2021 1467; x_wconf 88' lang='lat' dir='ltr'><strong>quod</strong></span> <span class='ocrx_word' id='word_1_240' title='bbox 2040 1414 2151 1450; x_wconf 88' lang='lat' dir='ltr'><strong>non</strong></span> <span class='ocrx_word' id='word_1_241' title='bbox 2172 1409 2255 1449; x_wconf 85' lang='lat' dir='ltr'><strong>est</strong></span> <span class='ocrx_word' id='word_1_242' title='bbox 2270 1398 2327 1449; x_wconf 87' lang='lat' dir='ltr'><strong>in</strong></span> <span class='ocrx_word' id='word_1_243' title='bbox 2352 1410 2407 1449; x_wconf 85' lang='lat' dir='ltr'><strong>te</strong></span> <span class='ocrx_word' id='word_1_244' title='bbox 2426 1416 2446 1463; x_wconf 87' lang='lat'><strong>;</strong></span> <span class='ocrx_word' id='word_1_245' title='bbox 2471 1417 2651 1469; x_wconf 84' lang='lat' dir='ltr'><strong>neque</strong></span> <span class='ocrx_word' id='word_1_246' title='bbox 2724 1422 2726 1433; x_wconf 89' lang='lat'>·</span> 
     </span>
     <span class='ocr_line' id='line_1_46' title="bbox 1662 1477 2647 1549; baseline 0.002 -21"><span class='ocrx_word' id='word_1_247' title='bbox 1662 1489 1714 1529; x_wconf 89' lang='lat' dir='ltr'><strong>te</strong></span> <span class='ocrx_word' id='word_1_248' title='bbox 1738 1477 1859 1549; x_wconf 83' lang='lat' dir='ltr'><strong>capi</strong></span> <span class='ocrx_word' id='word_1_249' title='bbox 1876 1478 2017 1530; x_wconf 81' lang='lat' dir='ltr'><strong>sinas</strong></span> <span class='ocrx_word' id='word_1_250' title='bbox 2037 1478 2191 1532; x_wconf 79' lang='lat' dir='ltr'><strong>vanis</strong></span> <span class='ocrx_word' id='word_1_251' title='bbox 2216 1477 2647 1531; x_wconf 84' lang='lat' dir='ltr'><strong>adulationibus.</strong></span> 
     </span>
     <span class='ocr_line' id='line_1_47' title="bbox 1662 1557 2653 1631; baseline -0.001 -22"><span class='ocrx_word' id='word_1_252' title='bbox 1662 1557 1851 1611; x_wconf 81' lang='lat' dir='ltr'><strong>Senec.</strong></span> <span class='ocrx_word' id='word_1_253' title='bbox 1884 1558 2037 1631; x_wconf 78' lang='lat' dir='ltr'><strong>epist.</strong></span> <span class='ocrx_word' id='word_1_254' title='bbox 2064 1559 2133 1610; x_wconf 84' lang='lat'><strong>80</strong></span> <span class='ocrx_word' id='word_1_255' title='bbox 2154 1577 2167 1609; x_wconf 76' lang='grc' dir='ltr'><strong><em>ε</em></strong></span> <span class='ocrx_word' id='word_1_256' title='bbox 2201 1562 2254 1609; x_wconf 83' lang='lat' dir='ltr'><strong>Si</strong></span> <span class='ocrx_word' id='word_1_257' title='bbox 2272 1562 2592 1627; x_wconf 79' lang='lat' dir='ltr'><strong>perpendere</strong></span> <span class='ocrx_word' id='word_1_258' title='bbox 2610 1574 2653 1608; x_wconf 81' lang='lat' dir='ltr'><strong>te</strong></span> 
     </span>
     <span class='ocr_line' id='line_1_48' title="bbox 1661 1642 2653 1708; baseline 0 -19"><span class='ocrx_word' id='word_1_259' title='bbox 1661 1642 1827 1699; x_wconf 78' lang='lat' dir='ltr'><strong>voles,</strong></span> <span class='ocrx_word' id='word_1_260' title='bbox 1844 1658 2023 1707; x_wconf 79' lang='lat' dir='ltr'><strong>sepone</strong></span> <span class='ocrx_word' id='word_1_261' title='bbox 2030 1642 2313 1708; x_wconf 76' lang='lat' dir='ltr'><strong>pecuniam,</strong></span> <span class='ocrx_word' id='word_1_262' title='bbox 2332 1644 2561 1701; x_wconf 84' lang='lat' dir='ltr'><strong>domum,</strong></span> <span class='ocrx_word' id='word_1_263' title='bbox 2582 1642 2653 1689; x_wconf 83' lang='lat' dir='ltr'><strong>di-</strong></span> 
     </span>
     <span class='ocr_line' id='line_1_49' title="bbox 1659 1720 2659 1787; baseline -0.001 -18"><span class='ocrx_word' id='word_1_264' title='bbox 1659 1720 1901 1787; x_wconf 76' lang='lat' dir='ltr'><strong>gnitatem</strong></span> <span class='ocrx_word' id='word_1_265' title='bbox 1921 1758 1937 1779; x_wconf 94' lang='lat'>,</span> <span class='ocrx_word' id='word_1_266' title='bbox 1972 1733 2018 1770; x_wconf 79' lang='lat' dir='ltr'><strong>te</strong></span> <span class='ocrx_word' id='word_1_267' title='bbox 2048 1723 2147 1787; x_wconf 89' lang='lat' dir='ltr'><strong>ipse</strong></span> <span class='ocrx_word' id='word_1_268' title='bbox 2176 1722 2385 1771; x_wconf 78' lang='lat' dir='ltr'><strong>consule.</strong></span> <span class='ocrx_word' id='word_1_269' title='bbox 2399 1748 2482 1761; x_wconf 82' lang='lat'><strong>——-</strong></span> <span class='ocrx_word' id='word_1_270' title='bbox 2502 1723 2659 1771; x_wconf 80' lang='lat' dir='ltr'><strong>Tollat</strong></span> 
     </span>
     <span class='ocr_line' id='line_1_50' title="bbox 1660 1796 2730 1875; baseline 0.003 -26"><span class='ocrx_word' id='word_1_271' title='bbox 1660 1818 1753 1849; x_wconf 82' lang='lat' dir='ltr'><strong>sua</strong></span> <span class='ocrx_word' id='word_1_272' title='bbox 1767 1818 1973 1850; x_wconf 86' lang='lat' dir='ltr'><strong>munera</strong></span> <span class='ocrx_word' id='word_1_273' title='bbox 1990 1802 2149 1850; x_wconf 83' lang='lat' dir='ltr'><strong>cerdo.</strong></span> <span class='ocrx_word' id='word_1_274' title='bbox 2160 1796 2329 1864; x_wconf 87' lang='lat' dir='ltr'><strong>Quod</strong></span> <span class='ocrx_word' id='word_1_275' title='bbox 2344 1798 2441 1852; x_wconf 86' lang='lat' dir='ltr'><strong>dat</strong></span> <span class='ocrx_word' id='word_1_276' title='bbox 2456 1800 2656 1871; x_wconf 81' lang='lat' dir='ltr'><strong>vulgus</strong></span> <span class='ocrx_word' id='word_1_277' title='bbox 2728 1862 2730 1875; x_wconf 47' lang='grc' dir='ltr'>Ι</span> 
     </span>
     <span class='ocr_line' id='line_1_51' title="bbox 1664 1879 2657 1952; baseline 0 -21"><span class='ocrx_word' id='word_1_278' title='bbox 1664 1879 1973 1943; x_wconf 83' lang='lat' dir='ltr'><strong>immeritis,</strong></span> <span class='ocrx_word' id='word_1_279' title='bbox 1989 1879 2239 1951; x_wconf 79' lang='lat' dir='ltr'><strong>recipiat3</strong></span> <span class='ocrx_word' id='word_1_280' title='bbox 2260 1898 2372 1932; x_wconf 87' lang='lat' dir='ltr'><strong>neu</strong></span> <span class='ocrx_word' id='word_1_281' title='bbox 2390 1880 2523 1931; x_wconf 77' lang='lat' dir='ltr'><strong>vilis</strong></span> <span class='ocrx_word' id='word_1_282' title='bbox 2543 1882 2657 1952; x_wconf 87' lang='lat' dir='ltr'><strong>ple-</strong></span> 
     </span>
     <span class='ocr_line' id='line_1_52' title="bbox 1664 1959 2656 2015; baseline 0.001 -4"><span class='ocrx_word' id='word_1_283' title='bbox 1664 1959 1871 2014; x_wconf 76' lang='lat' dir='ltr'><strong>beculae</strong></span> <span class='ocrx_word' id='word_1_284' title='bbox 1892 1959 2231 2013; x_wconf 78' lang='lat' dir='ltr'><strong>laudationes</strong></span> <span class='ocrx_word' id='word_1_285' title='bbox 2248 1961 2389 2013; x_wconf 86' lang='lat' dir='ltr'><strong>tanti</strong></span> <span class='ocrx_word' id='word_1_286' title='bbox 2405 1963 2656 2015; x_wconf 76' lang='lat' dir='ltr'><strong>aestimes.</strong></span> 
     </span>
     <span class='ocr_line' id='line_1_53' title="bbox 1665 2039 2659 2113; baseline 0.002 -22"><span class='ocrx_word' id='word_1_287' title='bbox 1665 2039 2015 2101; x_wconf 85' lang='lat' dir='ltr'><strong>Notaautem,</strong></span> <span class='ocrx_word' id='word_1_288' title='bbox 2027 2039 2175 2112; x_wconf 80' lang='lat' dir='ltr'><strong>quod</strong></span> <span class='ocrx_word' id='word_1_289' title='bbox 2190 2041 2355 2102; x_wconf 84' lang='lat' dir='ltr'><strong>Nero,</strong></span> <span class='ocrx_word' id='word_1_290' title='bbox 2368 2041 2430 2093; x_wconf 90' lang='lat' dir='ltr'><strong>in</strong></span> <span class='ocrx_word' id='word_1_291' title='bbox 2450 2043 2542 2113; x_wconf 86' lang='lat' dir='ltr'><strong>pri</strong></span> <span class='ocrx_word' id='word_1_292' title='bbox 2548 2044 2659 2093; x_wconf 89' lang='lat' dir='ltr'><strong>nci-</strong></span> 
     </span>
     <span class='ocr_line' id='line_1_54' title="bbox 1666 2118 2732 2193; baseline 0.004 -23"><span class='ocrx_word' id='word_1_293' title='bbox 1666 2118 1761 2191; x_wconf 87' lang='lat' dir='ltr'><strong>pio</strong></span> <span class='ocrx_word' id='word_1_294' title='bbox 1779 2120 2121 2191; x_wconf 86' lang='lat' dir='ltr'><strong>potissimum</strong></span> <span class='ocrx_word' id='word_1_295' title='bbox 2140 2119 2225 2171; x_wconf 88' lang='lat' dir='ltr'><strong>sui</strong></span> <span class='ocrx_word' id='word_1_296' title='bbox 2244 2121 2421 2191; x_wconf 81' lang='lat' dir='ltr'><strong>regni,</strong></span> <span class='ocrx_word' id='word_1_297' title='bbox 2442 2140 2532 2193; x_wconf 89' lang='lat' dir='ltr'><strong>ap.</strong></span> <span class='ocrx_word' id='word_1_298' title='bbox 2552 2140 2662 2173; x_wconf 88' lang='lat' dir='ltr'><strong>cer·</strong></span> <span class='ocrx_word' id='word_1_299' title='bbox 2730 2130 2732 2133; x_wconf 56' lang='lat'><em>⁴</em></span> 
     </span>
     <span class='ocr_line' id='line_1_55' title="bbox 1669 2197 2659 2271; baseline 0.002 -20"><span class='ocrx_word' id='word_1_300' title='bbox 1669 2197 1839 2251; x_wconf 88' lang='lat' dir='ltr'><strong>dones</strong></span> <span class='ocrx_word' id='word_1_301' title='bbox 1871 2212 1925 2252; x_wconf 93' lang='lat' dir='ltr'><strong>et</strong></span> <span class='ocrx_word' id='word_1_302' title='bbox 1953 2199 2299 2270; x_wconf 85' lang='lat' dir='ltr'><strong>plebeculam</strong></span> <span class='ocrx_word' id='word_1_303' title='bbox 2322 2201 2659 2271; x_wconf 82' lang='lat' dir='ltr'><strong>gratissimus</strong></span> 
     </span>
    </p>
   </div>
   <div class='ocr_carea' id='block_1_8' title="bbox 1668 2279 2735 2342">
    <p class='ocr_par' dir='ltr' id='par_1_9' title="bbox 1668 2279 2735 2342">
     <span class='ocr_line' id='line_1_56' title="bbox 1668 2279 2735 2342; baseline 0.005 -12"><span class='ocrx_word' id='word_1_304' title='bbox 1668 2279 1800 2342; x_wconf 79' lang='lat' dir='ltr'><strong>fuit3</strong></span> <span class='ocrx_word' id='word_1_305' title='bbox 1826 2298 1952 2332; x_wconf 88' lang='lat' dir='ltr'><strong>nam</strong></span> <span class='ocrx_word' id='word_1_306' title='bbox 1987 2280 2433 2334; x_wconf 83' lang='lat' dir='ltr'><strong>benevolentiam</strong></span> <span class='ocrx_word' id='word_1_307' title='bbox 2464 2300 2659 2335; x_wconf 86' lang='lat' dir='ltr'><strong>eorum</strong></span> <span class='ocrx_word' id='word_1_308' title='bbox 2732 2301 2735 2334; x_wconf 67' lang='grc' dir='ltr'>ε</span> 
     </span>
    </p>
   </div>
   <div class='ocr_carea' id='block_1_9' title="bbox 1666 2357 2667 3480">
    <p class='ocr_par' dir='ltr' id='par_1_10' title="bbox 1666 2357 2667 3480">
     <span class='ocr_line' id='line_1_57' title="bbox 1668 2357 2659 2432; baseline 0.003 -20"><span class='ocrx_word' id='word_1_309' title='bbox 1668 2374 1723 2412; x_wconf 86' lang='lat' dir='ltr'><strong>et</strong></span> <span class='ocrx_word' id='word_1_310' title='bbox 1758 2357 1947 2412; x_wconf 87' lang='lat' dir='ltr'><strong>laudes</strong></span> <span class='ocrx_word' id='word_1_311' title='bbox 1988 2360 2373 2432; x_wconf 81' lang='lat' dir='ltr'><strong>largitionibus</strong></span> <span class='ocrx_word' id='word_1_312' title='bbox 2409 2362 2619 2415; x_wconf 82' lang='lat' dir='ltr'><strong>insanis</strong></span> <span class='ocrx_word' id='word_1_313' title='bbox 2642 2400 2659 2425; x_wconf 86' lang='lat'>‚</span> 
     </span>
     <span class='ocr_line' id='line_1_58' title="bbox 1666 2442 2666 2512; baseline 0.002 -18"><span class='ocrx_word' id='word_1_314' title='bbox 1666 2460 1884 2494; x_wconf 85' lang='lat' dir='ltr'><strong>necnon</strong></span> <span class='ocrx_word' id='word_1_315' title='bbox 1916 2442 2239 2512; x_wconf 85' lang='lat' dir='ltr'><strong>spectaculis</strong></span> <span class='ocrx_word' id='word_1_316' title='bbox 2272 2456 2328 2496; x_wconf 91' lang='lat' dir='ltr'><strong>et</strong></span> <span class='ocrx_word' id='word_1_317' title='bbox 2364 2443 2520 2496; x_wconf 88' lang='lat' dir='ltr'><strong>ludis</strong></span> <span class='ocrx_word' id='word_1_318' title='bbox 2550 2464 2666 2496; x_wconf 86' lang='lat' dir='ltr'><strong>om·</strong></span> 
     </span>
     <span class='ocr_line' id='line_1_59' title="bbox 1668 2520 2661 2594; baseline 0.001 -19"><span class='ocrx_word' id='word_1_319' title='bbox 1668 2520 1923 2585; x_wconf 78' lang='lat' dir='ltr'><strong>nimodiS‚</strong></span> <span class='ocrx_word' id='word_1_320' title='bbox 1942 2534 1995 2575; x_wconf 92' lang='lat' dir='ltr'><strong>et</strong></span> <span class='ocrx_word' id='word_1_321' title='bbox 2014 2542 2115 2594; x_wconf 90' lang='lat' dir='ltr'><strong>per</strong></span> <span class='ocrx_word' id='word_1_322' title='bbox 2130 2536 2301 2576; x_wconf 85' lang='lat' dir='ltr'><strong>totam</strong></span> <span class='ocrx_word' id='word_1_323' title='bbox 2322 2542 2480 2578; x_wconf 84' lang='lat' dir='ltr'><strong>suam</strong></span> <span class='ocrx_word' id='word_1_324' title='bbox 2494 2526 2661 2578; x_wconf 79' lang='lat' dir='ltr'><strong>vitam</strong></span> 
     </span>
     <span class='ocr_line' id='line_1_60' title="bbox 1669 2603 2661 2678; baseline 0.003 -24"><span class='ocrx_word' id='word_1_325' title='bbox 1669 2616 1886 2675; x_wconf 84' lang='lat' dir='ltr'><strong>captare</strong></span> <span class='ocrx_word' id='word_1_326' title='bbox 1904 2603 2133 2656; x_wconf 83' lang='lat' dir='ltr'><strong>studuit.</strong></span> <span class='ocrx_word' id='word_1_327' title='bbox 2148 2603 2421 2657; x_wconf 85' lang='lat' dir='ltr'><strong>Alcibiadi</strong></span> <span class='ocrx_word' id='word_1_328' title='bbox 2438 2624 2661 2678; x_wconf 85' lang='lat' dir='ltr'><strong>quoque</strong></span> 
     </span>
     <span class='ocr_line' id='line_1_61' title="bbox 1668 2679 2664 2737; baseline 0.003 -3"><span class='ocrx_word' id='word_1_329' title='bbox 1668 2679 1818 2734; x_wconf 89' lang='lat' dir='ltr'><strong>idem</strong></span> <span class='ocrx_word' id='word_1_330' title='bbox 1838 2701 1953 2734; x_wconf 88' lang='lat' dir='ltr'><strong>mos</strong></span> <span class='ocrx_word' id='word_1_331' title='bbox 1974 2682 2085 2736; x_wconf 86' lang='lat' dir='ltr'><strong>fere</strong></span> <span class='ocrx_word' id='word_1_332' title='bbox 2105 2685 2132 2736; x_wconf 83' lang='lat' dir='ltr'>f</span> <span class='ocrx_word' id='word_1_333' title='bbox 2132 2684 2232 2736; x_wconf 89' lang='lat' dir='ltr'><strong>uit.</strong></span> <span class='ocrx_word' id='word_1_334' title='bbox 2245 2685 2309 2735; x_wconf 84' lang='lat' dir='ltr'><strong>A.</strong></span> <span class='ocrx_word' id='word_1_335' title='bbox 2323 2715 2397 2724; x_wconf 91' lang='lat'><strong>--</strong></span> <span class='ocrx_word' id='word_1_336' title='bbox 2412 2687 2570 2735; x_wconf 83' lang='lat' dir='ltr'><strong>Cerdo</strong></span> <span class='ocrx_word' id='word_1_337' title='bbox 2588 2696 2664 2737; x_wconf 89' lang='lat' dir='ltr'><strong>est</strong></span> 
     </span>
     <span class='ocr_line' id='line_1_62' title="bbox 1673 2763 2661 2836; baseline 0.005 -23"><span class='ocrx_word' id='word_1_338' title='bbox 1673 2763 1907 2834; x_wconf 88' lang='lat' dir='ltr'><strong>quilibet</strong></span> <span class='ocrx_word' id='word_1_339' title='bbox 1934 2782 1963 2815; x_wconf 92' lang='lat' dir='ltr'><strong>e</strong></span> <span class='ocrx_word' id='word_1_340' title='bbox 1987 2764 2085 2816; x_wconf 83' lang='lat' dir='ltr'><strong>vili</strong></span> <span class='ocrx_word' id='word_1_341' title='bbox 2112 2765 2401 2836; x_wconf 87' lang='lat' dir='ltr'><strong>plebecula</strong></span> <span class='ocrx_word' id='word_1_342' title='bbox 2432 2767 2661 2830; x_wconf 81' lang='lat' dir='ltr'><strong>artifex,</strong></span> 
     </span>
     <span class='ocr_line' id='line_1_63' title="bbox 1670 2843 2628 2916; baseline 0.004 -21"><span class='ocrx_word' id='word_1_343' title='bbox 1670 2843 1811 2896; x_wconf 85' lang='lat' dir='ltr'><strong>lucri</strong></span> <span class='ocrx_word' id='word_1_344' title='bbox 1831 2849 1985 2898; x_wconf 76' lang='lat' dir='ltr'><strong>causa</strong></span> <span class='ocrx_word' id='word_1_345' title='bbox 2005 2865 2228 2916; x_wconf 85' lang='lat' dir='ltr'><strong>operam</strong></span> <span class='ocrx_word' id='word_1_346' title='bbox 2246 2865 2403 2900; x_wconf 86' lang='lat' dir='ltr'><strong>suam</strong></span> <span class='ocrx_word' id='word_1_347' title='bbox 2422 2846 2628 2900; x_wconf 89' lang='lat' dir='ltr'><strong>locans.</strong></span> 
     </span>
     <span class='ocr_line' id='line_1_64' title="bbox 1748 2925 2663 3000; baseline 0.003 -23"><span class='ocrx_word' id='word_1_348' title='bbox 1748 2925 1836 2978; x_wconf 78' lang='lat'><strong>52.</strong></span> <span class='ocrx_word' id='word_1_349' title='bbox 1868 2931 2040 2978; x_wconf 86' lang='lat' dir='ltr'><strong>Tecum</strong></span> <span class='ocrx_word' id='word_1_350' title='bbox 2069 2928 2281 2998; x_wconf 64' lang='lat' dir='ltr'><strong>habita]</strong></span> <span class='ocrx_word' id='word_1_351' title='bbox 2324 2927 2525 2980; x_wconf 87' lang='lat' dir='ltr'><strong>Temet</strong></span> <span class='ocrx_word' id='word_1_352' title='bbox 2553 2929 2663 3000; x_wconf 85' lang='lat' dir='ltr'><strong>ipse</strong></span> 
     </span>
     <span class='ocr_line' id='line_1_65' title="bbox 1674 3003 2660 3073; baseline -0.002 -15"><span class='ocrx_word' id='word_1_353' title='bbox 1674 3003 1957 3058; x_wconf 82' lang='lat' dir='ltr'><strong>considera</strong></span> <span class='ocrx_word' id='word_1_354' title='bbox 1976 3025 1992 3070; x_wconf 87' lang='lat'><strong>;</strong></span> <span class='ocrx_word' id='word_1_355' title='bbox 2015 3026 2104 3056; x_wconf 85' lang='lat' dir='ltr'><strong>nec</strong></span> <span class='ocrx_word' id='word_1_356' title='bbox 2132 3021 2177 3056; x_wconf 80' lang='lat' dir='ltr'><strong>te</strong></span> <span class='ocrx_word' id='word_1_357' title='bbox 2196 3009 2479 3073; x_wconf 78' lang='lat' dir='ltr'><strong>quoesiveris</strong></span> <span class='ocrx_word' id='word_1_358' title='bbox 2498 3023 2660 3056; x_wconf 78' lang='lat' dir='ltr'><strong>extra.</strong></span> 
     </span>
     <span class='ocr_line' id='line_1_66' title="bbox 1674 3088 2663 3154; baseline 0.005 -19"><span class='ocrx_word' id='word_1_359' title='bbox 1674 3088 1905 3136; x_wconf 80' lang='lat' dir='ltr'><strong>—N6n&#39;s</strong></span> <span class='ocrx_word' id='word_1_360' title='bbox 1932 3089 2082 3154; x_wconf 75' lang='lat' dir='ltr'><strong>quam</strong></span> <span class='ocrx_word' id='word_1_361' title='bbox 2110 3091 2202 3148; x_wconf 82' lang='lat' dir='ltr'><strong>sit,</strong></span> <span class='ocrx_word' id='word_1_362' title='bbox 2222 3101 2316 3138; x_wconf 78' lang='lat' dir='ltr'><strong>etc.</strong></span> <span class='ocrx_word' id='word_1_363' title='bbox 2356 3089 2429 3140; x_wconf 92' lang='lat' dir='ltr'><strong>Et</strong></span> <span class='ocrx_word' id='word_1_364' title='bbox 2449 3090 2663 3141; x_wconf 80' lang='lat' dir='ltr'><strong>noveris</strong></span> 
     </span>
     <span class='ocr_line' id='line_1_67' title="bbox 1678 3166 2664 3238; baseline 0.003 -21"><span class='ocrx_word' id='word_1_365' title='bbox 1678 3170 1844 3238; x_wconf 73' lang='lat' dir='ltr'><strong>quam</strong></span> <span class='ocrx_word' id='word_1_366' title='bbox 1858 3166 1926 3218; x_wconf 85' lang='lat' dir='ltr'><strong>sis</strong></span> <span class='ocrx_word' id='word_1_367' title='bbox 1940 3166 2203 3238; x_wconf 61' lang='lat' dir='ltr'><strong>praesidiis</strong></span> <span class='ocrx_word' id='word_1_368' title='bbox 2222 3169 2539 3222; x_wconf 83' lang='lat' dir='ltr'><strong>necessariis</strong></span> <span class='ocrx_word' id='word_1_369' title='bbox 2554 3188 2664 3220; x_wconf 89' lang='lat' dir='ltr'><strong>non</strong></span> 
     </span>
     <span class='ocr_line' id='line_1_68' title="bbox 1679 3243 2667 3315; baseline 0.002 -17"><span class='ocrx_word' id='word_1_370' title='bbox 1679 3243 1803 3298; x_wconf 87' lang='lat' dir='ltr'><strong>dico</strong></span> <span class='ocrx_word' id='word_1_371' title='bbox 1818 3249 1891 3296; x_wconf 87' lang='lat' dir='ltr'><strong>ad</strong></span> <span class='ocrx_word' id='word_1_372' title='bbox 1899 3266 2001 3297; x_wconf 85' lang='lat' dir='ltr'><strong>rem</strong></span> <span class='ocrx_word' id='word_1_373' title='bbox 2010 3249 2189 3315; x_wconf 85' lang='lat' dir='ltr'><strong>populi</strong></span> <span class='ocrx_word' id='word_1_374' title='bbox 2205 3253 2524 3300; x_wconf 75' lang='lat' dir='ltr'><strong>tractandam</strong></span> <span class='ocrx_word' id='word_1_375' title='bbox 2537 3270 2559 3309; x_wconf 92' lang='lat'><em>;</em></span> <span class='ocrx_word' id='word_1_376' title='bbox 2577 3247 2667 3300; x_wconf 84' lang='lat' dir='ltr'><strong>sed</strong></span> 
     </span>
     <span class='ocr_line' id='line_1_69' title="bbox 1679 3324 2667 3398; baseline 0.001 -21"><span class='ocrx_word' id='word_1_377' title='bbox 1679 3337 1892 3378; x_wconf 86' lang='lat' dir='ltr'><strong>tantum</strong></span> <span class='ocrx_word' id='word_1_378' title='bbox 1920 3324 1986 3378; x_wconf 88' lang='lat' dir='ltr'><strong>ad</strong></span> <span class='ocrx_word' id='word_1_379' title='bbox 2012 3327 2177 3378; x_wconf 84' lang='lat' dir='ltr'><strong>vitam</strong></span> <span class='ocrx_word' id='word_1_380' title='bbox 2202 3327 2335 3379; x_wconf 79' lang='lat' dir='ltr'><strong>civis</strong></span> <span class='ocrx_word' id='word_1_381' title='bbox 2363 3341 2419 3380; x_wconf 91' lang='lat' dir='ltr'><strong>et</strong></span> <span class='ocrx_word' id='word_1_382' title='bbox 2442 3327 2667 3398; x_wconf 88' lang='lat' dir='ltr'><strong>subjecti</strong></span> 
     </span>
     <span class='ocr_line' id='line_1_70' title="bbox 1678 3406 2666 3480; baseline 0 -20"><span class='ocrx_word' id='word_1_383' title='bbox 1678 3419 1824 3460; x_wconf 88' lang='lat' dir='ltr'><strong>recte</strong></span> <span class='ocrx_word' id='word_1_384' title='bbox 1868 3406 2129 3480; x_wconf 83' lang='lat' dir='ltr'><strong>agendam</strong></span> <span class='ocrx_word' id='word_1_385' title='bbox 2171 3406 2487 3461; x_wconf 65' lang='lat' dir='ltr'><strong>destitutus».</strong></span> <span class='ocrx_word' id='word_1_386' title='bbox 2533 3409 2624 3460; x_wconf 89' lang='lat' dir='ltr'><strong>Sic</strong></span> <span class='ocrx_word' id='word_1_387' title='bbox 2650 3445 2666 3470; x_wconf 80' lang='lat'>,</span> 
     </span>
    </p>
   </div>
   <div class='ocr_carea' id='block_1_10' title="bbox 617 3483 2667 3557">
    <p class='ocr_par' dir='ltr' id='par_1_11' title="bbox 617 3483 2667 3557">
     <span class='ocr_line' id='line_1_71' title="bbox 617 3483 2667 3557; baseline 0.002 -21"><span class='ocrx_word' id='word_1_388' title='bbox 617 3483 702 3537; x_wconf 74' lang='lat' dir='ltr'><strong>dis</strong></span> <span class='ocrx_word' id='word_1_389' title='bbox 719 3485 880 3556; x_wconf 83' lang='lat' dir='ltr'><strong>genio</strong></span> <span class='ocrx_word' id='word_1_390' title='bbox 895 3503 1008 3538; x_wconf 83' lang='lat' dir='ltr'><strong>non</strong></span> <span class='ocrx_word' id='word_1_391' title='bbox 1033 3484 1319 3548; x_wconf 52' lang='lat' dir='ltr'><strong>avan-osted</strong></span> <span class='ocrx_word' id='word_1_392' title='bbox 1331 3485 1600 3557; x_wconf 84' lang='lat' dir='ltr'><strong>petulanti</strong></span> <span class='ocrx_word' id='word_1_393' title='bbox 1671 3487 2002 3554; x_wconf 73' lang='lat' dir='ltr'><strong>philosophice</strong></span> <span class='ocrx_word' id='word_1_394' title='bbox 2030 3491 2377 3555; x_wconf 77' lang='lat' dir='ltr'><strong>supellectilem</strong></span> <span class='ocrx_word' id='word_1_395' title='bbox 2414 3485 2557 3544; x_wconf 78' lang='lat' dir='ltr'><strong>dixit</strong></span> <span class='ocrx_word' id='word_1_396' title='bbox 2586 3487 2667 3539; x_wconf 86' lang='lat' dir='ltr'><strong>Ci-</strong></span> 
     </span>
    </p>
   </div>
   <div class='ocr_carea' id='block_1_11' title="bbox 615 3565 1598 3637">
    <p class='ocr_par' dir='ltr' id='par_1_12' title="bbox 615 3565 1598 3637">
     <span class='ocr_line' id='line_1_72' title="bbox 615 3565 1598 3637; baseline 0.002 -21"><span class='ocrx_word' id='word_1_397' title='bbox 615 3577 674 3617; x_wconf 86' lang='lat' dir='ltr'><strong>et</strong></span> <span class='ocrx_word' id='word_1_398' title='bbox 699 3566 934 3637; x_wconf 84' lang='lat' dir='ltr'><strong>maligno</strong></span> <span class='ocrx_word' id='word_1_399' title='bbox 967 3565 1163 3618; x_wconf 87' lang='lat' dir='ltr'><strong>melius</strong></span> <span class='ocrx_word' id='word_1_400' title='bbox 1195 3565 1511 3618; x_wconf 88' lang='lat' dir='ltr'><strong>concordat.</strong></span> <span class='ocrx_word' id='word_1_401' title='bbox 1532 3569 1598 3618; x_wconf 76' lang='lat' dir='ltr'><strong>A.</strong></span> 
     </span>
    </p>
   </div>
   <div class='ocr_carea' id='block_1_12' title="bbox 1681 3565 2340 3632">
    <p class='ocr_par' dir='ltr' id='par_1_13' title="bbox 1681 3565 2340 3632">
     <span class='ocr_line' id='line_1_73' title="bbox 1681 3565 2340 3632; baseline 0.003 -13"><span class='ocrx_word' id='word_1_402' title='bbox 1681 3585 1809 3620; x_wconf 84' lang='lat' dir='ltr'><strong>cero</strong></span> <span class='ocrx_word' id='word_1_403' title='bbox 1827 3603 1845 3632; x_wconf 86' lang='lat'><strong>,</strong></span> <span class='ocrx_word' id='word_1_404' title='bbox 1868 3567 1967 3620; x_wconf 89' lang='lat' dir='ltr'><strong>lib.</strong></span> <span class='ocrx_word' id='word_1_405' title='bbox 1996 3565 2065 3620; x_wconf 90' lang='lat' dir='ltr'><strong>de</strong></span> <span class='ocrx_word' id='word_1_406' title='bbox 2091 3565 2340 3621; x_wconf 83' lang='lat' dir='ltr'><strong>Finibus.</strong></span> 
     </span>
    </p>
   </div>
   <div class='ocr_carea' id='block_1_13' title="bbox 619 3737 2673 3886">
    <p class='ocr_par' dir='ltr' id='par_1_14' title="bbox 619 3737 2673 3886">
     <span class='ocr_line' id='line_1_74' title="bbox 692 3737 2669 3806; baseline 0.002 -22"><span class='ocrx_word' id='word_1_407' title='bbox 692 3740 742 3785; x_wconf 79' lang='lat' dir='ltr'>V</span> <span class='ocrx_word' id='word_1_408' title='bbox 759 3737 841 3784; x_wconf 83' lang='lat'><strong>51.</strong></span> <span class='ocrx_word' id='word_1_409' title='bbox 861 3739 1058 3802; x_wconf 72' lang='lat' dir='ltr'><strong>Respice.</strong></span> <span class='ocrx_word' id='word_1_410' title='bbox 1075 3737 1199 3786; x_wconf 89' lang='lat' dir='ltr'><strong>Cod.</strong></span> <span class='ocrx_word' id='word_1_411' title='bbox 1217 3737 1414 3786; x_wconf 87' lang='lat' dir='ltr'><strong>Pithoei</strong></span> <span class='ocrx_word' id='word_1_412' title='bbox 1427 3773 1443 3797; x_wconf 84' lang='lat'>,</span> <span class='ocrx_word' id='word_1_413' title='bbox 1467 3737 1660 3802; x_wconf 83' lang='lat' dir='ltr'><strong>respice.</strong></span> <span class='ocrx_word' id='word_1_414' title='bbox 1682 3740 1755 3787; x_wconf 84' lang='lat' dir='ltr'><strong>Ita</strong></span> <span class='ocrx_word' id='word_1_415' title='bbox 1775 3755 1981 3806; x_wconf 86' lang='lat' dir='ltr'><strong>quoque</strong></span> <span class='ocrx_word' id='word_1_416' title='bbox 2000 3739 2121 3788; x_wconf 83' lang='lat' dir='ltr'><strong>edit.</strong></span> <span class='ocrx_word' id='word_1_417' title='bbox 2139 3743 2239 3788; x_wconf 59' lang='lat' dir='ltr'><strong>veti</strong></span> <span class='ocrx_word' id='word_1_418' title='bbox 2263 3751 2313 3789; x_wconf 89' lang='lat' dir='ltr'><strong>et</strong></span> <span class='ocrx_word' id='word_1_419' title='bbox 2330 3741 2537 3790; x_wconf 79' lang='lat' dir='ltr'><strong>Aldina.</strong></span> <span class='ocrx_word' id='word_1_420' title='bbox 2556 3742 2669 3798; x_wconf 81' lang='lat' dir='ltr'><strong>Alii,</strong></span> 
     </span>
     <span class='ocr_line' id='line_1_75' title="bbox 619 3817 2673 3886; baseline 0.002 -22"><span class='ocrx_word' id='word_1_421' title='bbox 619 3827 672 3865; x_wconf 79' lang='lat' dir='ltr'><strong>et</strong></span> <span class='ocrx_word' id='word_1_422' title='bbox 693 3817 803 3864; x_wconf 86' lang='lat' dir='ltr'><strong>eod.</strong></span> <span class='ocrx_word' id='word_1_423' title='bbox 824 3829 1020 3880; x_wconf 84' lang='lat' dir='ltr'><strong>noster,</strong></span> <span class='ocrx_word' id='word_1_424' title='bbox 1044 3833 1226 3882; x_wconf 82' lang='lat' dir='ltr'><strong>respue.</strong></span> <span class='ocrx_word' id='word_1_425' title='bbox 1249 3820 1495 3869; x_wconf 83' lang='lat' dir='ltr'><strong>Caeterum</strong></span> <span class='ocrx_word' id='word_1_426' title='bbox 1508 3853 1523 3878; x_wconf 88' lang='lat'><strong>,</strong></span> <span class='ocrx_word' id='word_1_427' title='bbox 1543 3819 1726 3884; x_wconf 79' lang='lat' dir='ltr'><strong>respice</strong></span> <span class='ocrx_word' id='word_1_428' title='bbox 1750 3831 1920 3885; x_wconf 83' lang='lat' dir='ltr'><strong>potest</strong></span> <span class='ocrx_word' id='word_1_429' title='bbox 1943 3821 2134 3886; x_wconf 79' lang='lat' dir='ltr'><strong>accipi3</strong></span> <span class='ocrx_word' id='word_1_430' title='bbox 2157 3833 2206 3870; x_wconf 89' lang='lat' dir='ltr'><strong>et</strong></span> <span class='ocrx_word' id='word_1_431' title='bbox 2224 3839 2281 3871; x_wconf 85' lang='lat' dir='ltr'><strong>ea</strong></span> <span class='ocrx_word' id='word_1_432' title='bbox 2300 3822 2455 3872; x_wconf 84' lang='lat' dir='ltr'><strong>lectio</strong></span> <span class='ocrx_word' id='word_1_433' title='bbox 2478 3839 2589 3876; x_wconf 84' lang='lat' dir='ltr'><strong>non</strong></span> <span class='ocrx_word' id='word_1_434' title='bbox 2610 3834 2673 3871; x_wconf 85' lang='lat' dir='ltr'><strong>est</strong></span> 
     </span>
    </p>
   </div>
   <div class='ocr_carea' id='block_1_14' title="bbox 621 3899 832 3961">
    <p class='ocr_par' dir='ltr' id='par_1_15' title="bbox 621 3899 832 3961">
     <span class='ocr_line' id='line_1_76' title="bbox 621 3899 832 3961; baseline 0 -17"><span class='ocrx_word' id='word_1_435' title='bbox 621 3899 832 3961; x_wconf 83' lang='lat' dir='ltr'><strong>ingrata.</strong></span> 
     </span>
    </p>
   </div>
   <div class='ocr_carea' id='block_1_15' title="bbox 629 3978 2673 4128">
    <p class='ocr_par' dir='ltr' id='par_1_16' title="bbox 629 3978 2673 4128">
     <span class='ocr_line' id='line_1_77' title="bbox 695 3978 2673 4036; baseline 0.004 -12"><span class='ocrx_word' id='word_1_436' title='bbox 695 3979 758 4024; x_wconf 78' lang='lat' dir='ltr'><strong>V.</strong></span> <span class='ocrx_word' id='word_1_437' title='bbox 791 3979 872 4025; x_wconf 80' lang='lat'><strong>52.</strong></span> <span class='ocrx_word' id='word_1_438' title='bbox 910 3981 1084 4027; x_wconf 85' lang='lat' dir='ltr'><strong>Tecum</strong></span> <span class='ocrx_word' id='word_1_439' title='bbox 1111 3979 1284 4027; x_wconf 75' lang='lat' dir='ltr'><strong>habita</strong></span> <span class='ocrx_word' id='word_1_440' title='bbox 1298 3998 1320 4036; x_wconf 89' lang='lat'><em>;</em></span> <span class='ocrx_word' id='word_1_441' title='bbox 1349 3978 1496 4028; x_wconf 61' lang='lat' dir='ltr'><strong>naris.</strong></span> <span class='ocrx_word' id='word_1_442' title='bbox 1532 3981 1655 4029; x_wconf 88' lang='lat' dir='ltr'><strong>Cod.</strong></span> <span class='ocrx_word' id='word_1_443' title='bbox 1693 3991 1867 4030; x_wconf 82' lang='lat' dir='ltr'><strong>noster</strong></span> <span class='ocrx_word' id='word_1_444' title='bbox 1892 3993 1944 4029; x_wconf 86' lang='lat' dir='ltr'><strong>et</strong></span> <span class='ocrx_word' id='word_1_445' title='bbox 1973 3992 2075 4030; x_wconf 82' lang='lat' dir='ltr'><strong>tres</strong></span> <span class='ocrx_word' id='word_1_446' title='bbox 2103 3983 2191 4030; x_wconf 80' lang='lat' dir='ltr'><strong>alii</strong></span> <span class='ocrx_word' id='word_1_447' title='bbox 2220 3983 2371 4034; x_wconf 84' lang='lat' dir='ltr'><strong>codd.</strong></span> <span class='ocrx_word' id='word_1_448' title='bbox 2404 3995 2564 4034; x_wconf 80' lang='lat' dir='ltr'><strong>cecum</strong></span> <span class='ocrx_word' id='word_1_449' title='bbox 2590 3983 2673 4034; x_wconf 73' lang='lat' dir='ltr'><strong>luz·</strong></span> 
     </span>
     <span class='ocr_line' id='line_1_78' title="bbox 629 4055 2249 4128; baseline 0.006 -24"><span class='ocrx_word' id='word_1_450' title='bbox 629 4055 768 4124; x_wconf 60' lang='lat' dir='ltr'><strong>bica.;⁴</strong></span> <span class='ocrx_word' id='word_1_451' title='bbox 793 4069 848 4110; x_wconf 75' lang='lat' dir='ltr'><strong>uc</strong></span> <span class='ocrx_word' id='word_1_452' title='bbox 863 4059 1009 4109; x_wconf 80' lang='lat' dir='ltr'><strong>noris.</strong></span> <span class='ocrx_word' id='word_1_453' title='bbox 1029 4061 1107 4109; x_wconf 75' lang='lat' dir='ltr'><strong>Ita</strong></span> <span class='ocrx_word' id='word_1_454' title='bbox 1126 4074 1332 4128; x_wconf 80' lang='lat' dir='ltr'><strong>qnoque</strong></span> <span class='ocrx_word' id='word_1_455' title='bbox 1353 4059 1587 4112; x_wconf 80' lang='lat' dir='ltr'><strong>Lubinus</strong></span> <span class='ocrx_word' id='word_1_456' title='bbox 1606 4072 1655 4110; x_wconf 84' lang='lat' dir='ltr'><strong>et</strong></span> <span class='ocrx_word' id='word_1_457' title='bbox 1676 4061 1792 4112; x_wconf 82' lang='lat' dir='ltr'><strong>edit.</strong></span> <span class='ocrx_word' id='word_1_458' title='bbox 1814 4073 1912 4116; x_wconf 79' lang='lat' dir='ltr'><strong>vet.</strong></span> <span class='ocrx_word' id='word_1_459' title='bbox 1932 4061 2223 4116; x_wconf 83' lang='lat' dir='ltr'><strong>Britannici·</strong></span> <span class='ocrx_word' id='word_1_460' title='bbox 2245 4090 2249 4094; x_wconf 93' lang='lat'>·</span> 
     </span>
    </p>
   </div>
   <div class='ocr_carea' id='block_1_16' title="bbox 2718 744 2728 1405">
    <p class='ocr_par' dir='ltr' id='par_1_17' title="bbox 2718 744 2728 1405">
     <span class='ocr_line' id='line_1_79' title="bbox 2718 744 2728 1405; baseline 0 0"><span class='ocrx_word' id='word_1_461' title='bbox 2718 744 2728 1405; x_wconf 95' lang='lat' dir='ltr'><strong> </strong></span> 
     </span>
    </p>
   </div>
   <div class='ocr_carea' id='block_1_17' title="bbox 2718 744 2730 1597">
    <p class='ocr_par' dir='ltr' id='par_1_18' title="bbox 2718 744 2730 1597">
     <span class='ocr_line' id='line_1_80' title="bbox 2718 744 2730 1597; baseline 0 0"><span class='ocrx_word' id='word_1_462' title='bbox 2718 744 2730 1597; x_wconf 95' lang='lat' dir='ltr'><strong> </strong></span> 
     </span>
    </p>
   </div>
  </div>
 </body>
</html>
