2775 4619
583 367 713 449 268

978 368 1065 431 e..
1102 366 1499 433 LUCILII
1549 364 2212 452 FRAGMENTA,

1454 495 1513 549 X
1531 498 1590 551 X
1603 498 1654 550 V
1671 497 1719 551 Ῑ.

660 589 934 649 Scaherat
962 602 1032 647 ut
1061 610 1276 668 porcus
1304 592 1568 649 contritis
1595 591 1801 648 arbore
1829 592 2025 649 costis·

1435 694 1496 749 X
1515 691 1571 745 X
1586 692 1676 745 VI
1695 692 1740 746 Ι.
1927 690 1934 694 ’

658 786 809 875 Hinc
830 784 1039 844 ancilia
1057 828 1077 857 ‚
1099 785 1175 843 ab
1196 785 1309 843 hoc
1336 786 1528 863 apices
1544 830 1561 857 ‚
1587 786 1939 864 rapidasque
1965 797 2240 863 repertas-

1409 888 1468 941 X
1485 888 1544 941 X
1558 888 1609 940 V
1620 888 1648 940 I
1669 887 1695 939 1
1713 888 1759 940 Ι.

624 944 874 1043 ,ΡτεεὲιιῙ
900 994 970 1039 ut
996 993 1320 1061 amptruat‚
1346 982 1484 1041 inde
1509 993 1568 1039 et
1593 981 1794 1058 volgu’
1815 980 2220 1061 redamptruat
2238 979 2370 1039 olli.

1449 1083 1510 1137 X
1528 1081 1587 1135 X
1608 1082 1637 1134 Ι
1655 1082 1732 1135 X.

669 1218 1282 1235 ................
1316 1179 1449 1255 Ipsa
1478 1177 1526 1231 si
1552 1196 1612 1233 se
1641 1175 1801 1232 corio
1829 1174 2024 1235 omnia
2053 1173 2197 1232 lora.

1478 1276 1536 1329 X
1554 1276 1612 1329 X
1629 1275 1704 1329 X.

653 1372 737 1431 Ut
758 1371 1046 1450 discrepat
1071 1372 1179 1431 hac
1211 1392 1392 1450 quem
1420 1372 1619 1451 rapuit
1639 1353 1867 1448 Apollo=
1885 1370 1984 1427 fiat
2005 1388 2164 1449 ergo.

1348 1562 1824 1583 mmm

883 1700 1027 1767 EX
1094 1700 1425 1768 LIBRO
1483 1702 1552 1767 X
1611 1698 2272 1769 SATIRARUM.

652 1869 893 1925 Veteres
924 1866 1128 1945 glossae
1162 1866 1224 1923 in
1256 1866 1376 1935 vita
1420 1868 1492 1923 A.
1527 1866 1740 1925 Persii:
1777 1866 1893 1924 Sed
1938 1886 2078 1923 mox
2122 1876 2193 1922 ut
2222 1886 2257 1923 a
2301 1863 2506 1924 schola
2551 1878 2622 1924 et

570 1964 858 2045 magistris
904 1964 1212 2022 diverterat
1232 2008 1249 2035 ‚
1293 1966 1448 2022 lecto
1487 1964 1640 2021 libro
1681 1963 1894 2021 Lucilii
1933 1964 2197 2036 decimo,
2229 1964 2618 2023 vehementer

568 2064 770 2120 satiras
793 2082 1143 2140 componere
1172 2061 1400 2119 studuit
1419 2106 1436 2133 ‚
1462 2062 1630 2139 cujus
1657 2060 1794 2119 libri
1816 2062 2171 2139 principium
2197 2062 2459 2119 imitatus
2481 2074 2577 2119 est
2596 2106 2616 2134 ‚

570 2159 683 2216 sibi
720 2160 911 2236 primo
934 2204 951 2231 ‚
992 2179 1132 2216 mox
1177 2152 1453 2217 omnibus
1499 2156 1863 2233 detrectatis,
1900 2178 2040 2216 cum
2081 2171 2237 2216 tanta
2276 2160 2614 2217 recentium

568 2262 874 2336 poetarum
902 2269 961 2316 et
991 2268 1289 2316 oratorum
1318 2256 1698 2316 insectatione
1717 2298 1735 2328 ,
1764 2268 1834 2316 ut
1864 2257 2040 2317 etiam
2071 2242 2366 2318 Neronem
2397 2256 2614 2336 culpa-

570 2354 737 2412 verit.
805 2388 809 2392 -

1499 2454 1514 2473 ⁰
1545 2439 1596 2492 Ῑ.

1575 2576 1586 2588 .
1615 2576 1628 2589 .
1653 2575 1667 2589 .
1697 2537 2007 2592 Honorum
2033 2547 2122 2592 est

648 2628 951 2688 Judicium
978 2631 1193 2688 Crassis
1211 2675 1228 2701 ,
1254 2631 1466 2688 ut‘nos
1495 2631 1880 2690 describimus
1902 2645 2054 2689 ante.

648 2731 779 2787 Hoc
806 2741 925 2800 est,
954 2727 1101 2807 quid
1130 2748 1357 2786 sumam
1376 2772 1392 2798 ‚
1421 2729 1568 2806 quid
1595 2749 1716 2786 non
1733 2772 1750 2800 ‚
1775 2730 1837 2786 in
1859 2749 2102 2820 quoque
2131 2728 2414 2787 locemus.

1527 2831 1556 2883 I
1574 2831 1622 2884 I.

540 2920 544 2923 ’
644 2927 836 2983 Pone:
868 2921 1181 3000 paludatus
1208 2924 1395 2982 stabat
1420 2924 1664 2981 rorariu'
1685 2923 1858 2982 velox

641 3113 725 3160 26.
749 3111 1071 3160 PriscianJib.
1100 3113 1179 3171 X,
1197 3114 1343 3160 scabo
1355 3149 1372 3170 ,
1397 3114 1541 3161 scobi.

640 3207 722 3252 27.
740 3193 1038 3251 Priscianus,
1052 3193 1141 3240 lib.
1157 3197 1253 3241 VI:
1274 3195 1441 3257 Capis,
1459 3211 1543 3240 ca-

506 3293 511 3299 ·
560 3273 717 3338 palis,
739 3274 872 3321 unde
901 3274 1259 3322 diminutivum
1280 3273 1510 3339 capidula
1519 3310 1538 3332 ,

564 3355 691 3403 vasis
741 3371 896 3420 genus
947 3355 1249 3419 pontificale.
1286 3383 1358 3392 -—
1397 3357 1542 3404 More

565 3435 740 3484 Graeco
754 3471 770 3496 ‚
794 3437 850 3483 in
879 3453 935 3482 as
962 3436 1174 3501 protulit
1203 3436 1538 3500 aecusativum

562 3517 823 3583 pluralem.
1222 3517 1236 3532 ‘

638 3599 723 3644 28.
738 3601 935 3644 Festus:
952 3595 1335 3663 Redamptruare
1352 3595 1541 3643 dicitur

560 3677 619 3724 in
656 3677 902 3726 Saliorum
937 3673 1357 3725 exsultationibus
1375 3711 1390 3733 ‚
1423 3674 1540 3724 cum

555 3757 743 3820 proesul
756 3757 1077 3820 ampo-navit,
1096 3756 1233 3820 quod
1256 3767 1327 3802 est
1338 3792 1352 3816 ,
1370 3767 1538 3803 motus

560 3835 716 3883 edidit
730 3871 745 3896 ,
766 3846 815 3884 et
838 3837 1125 3884 referuntur
1146 3835 1365 3883 invicem
1382 3835 1537 3882 iidem

558 3928 737 3964 motus.

634 4013 715 4061 29.
744 3997 1023 4060 Charisius,
1043 3969 1130 4049 lib.
1158 4001 1212 4049 1:
1231 3999 1392 4062 Lora,
1417 4015 1535 4049 cor-

1620 3111 1761 3178 repta
1771 3111 1934 3176 prima
1951 3109 2138 3176 syllaba
2149 3147 2164 3170 ‚
2185 3123 2234 3160 et
2252 3112 2498 3162 feminino
2512 3129 2596 3178 ge·-

1621 3209 1740 3240 nere
1767 3193 1975 3241 dicenda
2003 3204 2107 3250 est3
2129 3193 2376 3257 producta
2399 3205 2565 3242 autem
2579 3227 2594 3251 ,

1619 3275 1912 3322 neutraliter
1929 3292 1956 3322 e
1975 3275 2114 3322 corio
2131 3275 2348 3332 vineula‚
2365 3286 2425 3321 ut
2437 3285 2486 3322 et
2497 3277 2596 3321 Lu-

1619 3357 1764 3405 cilius
1790 3359 1846 3403 in
1873 3359 1966 3405 IX.
2003 3391 2014 3403 .
2037 3391 2050 3404 .
2073 3391 2085 3404 .
2109 3392 2120 3404 .
2150 3358 2262 3418 Ipsa
2285 3357 2330 3404 si
2349 3374 2429 3412 se,
2455 3369 2545 3404 ecc.

1693 3440 1776 3486 30.
1816 3438 2166 3502 Porphyrion,
2201 3437 2290 3485 lib.
2328 3441 2386 3495 Ι,
2418 3447 2508 3486 sat.
2547 3451 2594 3498 9.

1695 3535 1741 3566 1.
1769 3519 1997 3566 Nonius:
2025 3522 2246 3574 Sumere,
2276 3517 2470 3581 eligere.

1692 3615 1739 3646 a.
1777 3601 1976 3648 Nonius
2003 3615 2017 3647 t
2056 3598 2256 3646 Horat-ii
2278 3598 2596 3662 appellantur

1617 3681 1799 3728 milites
1823 3716 1838 3741 ,
1878 3682 1968 3746 qni
2011 3678 2279 3743 antequam
2319 3694 2595 3742 congressas

1619 3771 1775 3806 essent
1803 3761 1960 3820 acies,
1985 3760 2150 3823 primo
2187 3775 2294 3806 non
2323 3759 2494 3805 multis
2520 3757 2596 3820 ja-

1616 3836 1950 3884 culisinibant
1962 3836 2215 3902 praelium:
2233 3845 2444 3882 tractum
2460 3832 2597 3896 quod

1615 3928 1730 3964 ante
1753 3918 1989 3968 maximas
2007 3934 2200 3987 pugnas
2222 3916 2406 3966 coelum
2425 3929 2596 3964 rorare

1597 3997 1841 4066 -incipiat.
