2775 4619
867 340 1060 408 SAT
1082 343 1114 408 Ι
1136 341 1270 406 RA
1321 338 1407 406 V.

2052 343 2179 434 157

203 465 476 533 Cre-tata
511 463 840 532 ambitio?
868 466 1084 556 Vigila
1097 515 1118 548 ‚
1146 481 1212 532 et
1246 466 1417 531 cicer
1448 466 1675 556 ingere
1703 466 1877 558 large

205 583 484 648 Rixanti
522 581 776 671 populo
800 629 820 664 ,
851 595 1071 646 nostra
1102 597 1177 646 ut
1209 581 1491 646 Floralia
1521 581 1773 670 possint

205 698 446 787 Aprici
472 695 842 762 meminisse
865 717 1071 760 senes.
1106 694 1288 779 Quid
1312 693 1703 784 pulchrius?
1731 699 1820 760 At
1846 700 1997 762 cum

115 908 398 962 bertatem
429 906 456 959 P
481 937 555 948 —-
577 909 736 974 Palpo
791 923 938 974 quem
985 907 1125 956 ducit

118 988 474 1040 hiantem.Per
486 984 1122 1058 periphrasim,designat

117 1070 736 1134 ambitiosum.——-Palpo
747 1103 765 1128 ,
789 1069 906 1117 onis.
934 1065 1118 1119 Subst.

119 1147 454 1202 nominativ.
477 1166 508 1199 a
523 1146 692 1200 verbo
698 1149 944 1218 palpare,
965 1143 1120 1217 quod

123 1243 212 1282 est
232 1229 463 1300 proprie
483 1227 724 1280 mulcere
739 1263 756 1291 ,
776 1226 968 1279 leviter
987 1239 1132 1282 traua

123 1322 266 1374 tare,
279 1309 412 1380 quia
430 1307 750 1360 ambitiosus
768 1319 992 1377 prensat
1011 1324 1118 1358 ma·

123 1409 210 1442 nu
257 1379 403 1443 cives
423 1427 442 1455 ,
483 1401 540 1440 et
575 1407 761 1450 auram
797 1388 1120 1459 popularem

125 1481 346 1541 captat,
379 1480 447 1521 ut
487 1485 682 1520 eorum
727 1467 981 1538 suffiagia
1021 1466 1121 1519 dc-

127 1563 430 1603 mereatur.
455 1579 529 1590 -——
549 1552 716 1600 Ducit.
761 1549 866 1601 Per
911 1547 1088 1600 tribus
1105 1585 1122 1612 ,

130 1630 544 1698 circumducit,
566 1628 634 1682 ad
663 1629 890 1702 gratiam
926 1627 1123 1701 populi

137 1710 544 1784 occupandam.
573 1710 632 1762 P.

215 1811 336 1864 177.
371 1796 574 1863 Cretata
599 1793 838 1860 ambitio]
863 1791 984 1844 Mos
1011 1803 1124 1845 erat

135 1875 518 1945 magistratum
557 1873 796 1944 aliquem
840 1870 1126 1925 ambienti·

135 1955 241 2007 bus
275 1953 572 2007 circumire
609 1952 666 2005 in
691 1966 842 2007 veste
875 1951 1123 2005 candida.

136 2034 295 2106 Saepe
339 2051 457 2086 non
498 2033 744 2086 contenti
787 2032 955 2084 insito
991 2032 1128 2084 lana

136 2115 362 2180 colore,
388 2127 594 2167 cretam
623 2111 894 2166 addebant
917 2113 978 2164 in
1008 2131 1128 2165 ves·-

137 2209 276 2261 tem,
298 2206 363 2247 ut
381 2193 748 2259 candesceret,
761 2193 930 2246 immo
949 2192 1128 2264 splen-

139 2276 304 2331 deret
336 2294 349 2329 :
395 2275 552 2330 unde
589 2284 704 2330 κατ’
750 2276 915 2344 ἐξοχὴν
955 2273 1086 2329 dicti
1109 2312 1126 2339 ,

139 2360 419 2409 candidati.
452 2357 596 2409 Hinc
629 2376 658 2408 a
685 2356 850 2427 vulgo
877 2354 1130 2420 discreti,

139 2440 234 2489 cui
255 2437 378 2490 alba
397 2434 644 2509 quidem,
657 2434 752 2489 sed
771 2454 884 2489 non
904 2432 1132 2489 candida

141 2532 262 2573 erat
284 2532 426 2591 toga.
441 2518 570 2571 Haec
587 2516 802 2571 erudite
821 2516 964 2571 Just.
981 2516 1129 2588 Lips-

143 2601 326 2652 Elect.·
341 2600 439 2651 lib.
463 2600 620 2664 XIV,
636 2617 752 2670 cap.
785 2599 872 2660 ²4·
902 2600 1130 2667 Fietoga,

145 2684 324 2731 addito
352 2683 574 2747 quodam
608 2694 755 2730 σιτία·
773 2698 984 2748 genere,
1013 2697 1136 2729 can-

145 2762 620 2829 aidica—Vigila.
663 2760 855 2831 Inquit
891 2758 1134 2811 ambitio.

146 2842 382 2894 Summo
411 2857 571 2891 mane
597 2838 874 2904 discurre,
903 2851 1030 2891 ante
1055 2838 1140 2890 lu-

147 2942 270 2976 cem
283 2960 302 2987 ,
321 2922 402 2974 ito
423 2919 492 2972 ad
512 2921 654 2973 cives
669 2958 686 2985 ,
707 2920 892 2991 eisque
912 2919 984 2972 sal
994 2931 1142 2972 utem

151 3004 421 3075 diemque
459 3018 778 3074 prosperam
819 3018 1139 3073 apprecare,

150 3104 382 3158 operam
399 3096 552 3136 tuam
569 3096 622 3137 ct
639 3082 888 3135 officium
902 3080 1139 3153 sponde,

151 3182 220 3221 ut
253 3184 456 3219 eorum
488 3164 591 3219 tibi
624 3183 780 3236 pares
813 3163 1141 3217 benevolen-

151 3246 307 3297 tiam.
341 3244 428 3297 De
453 3242 638 3295 labore
667 3255 723 3295 et
740 3240 936 3313 vigiliis
956 3238 1142 3293 candi·

152 3326 419 3379 datorum
465 3322 658 3385 Cicero
686 3360 705 3387 ‚
739 3321 929 3374 multis
971 3320 1105 3373 locis
1125 3360 1144 3385 ,

155 3422 406 3479 quorum
423 3404 594 3457 vitam
618 3403 677 3456 in
703 3403 858 3473 epist.
887 3400 956 3455 ad
980 3402 1143 3454 Attic.

155 3487 389 3539 militiam
412 3488 654 3535 urbanam
669 3495 844 3536 vocat.
859 3486 1006 3532 -Ee
1019 3484 1150 3533 cicer

156 3573 328 3639 ingere
367 3571 522 3636 large.
563 3564 862 3636 Legumina
893 3562 1027 3617 varii
1059 3580 1147 3633 ge·

157 3647 308 3701 neris
330 3685 348 3712 ,
387 3646 566 3709 cicer,
607 3645 825 3705 fabam,
859 3642 1148 3713 lupinum,

159 3741 266 3783 etc.
303 3729 364 3780 in
392 3726 594 3797 vulgus
626 3722 968 3777 abundanter
1002 3739 1149 3793 spar-

157 3811 383 3883 gebant.
405 3806 495 3861 Sic
515 3804 699 3861 aediles
725 3804 867 3859 viam
895 3803 1000 3855 sibi
1029 3819 1152 3853 mu-

158 3890 390 3945 niebant
401 3885 472 3941 ad
489 3885 800 3957 superiores
809 3882 1153 3955 magistratus

161 3990 266 4044 per
277 3968 502 4027 missilia
519 3963 792 4041 ejusmodi
811 3976 867 4021 et
885 3962 1158 4037 congiaria

1199 905 1431 958 maxime
1466 904 1524 958 in
1560 905 1880 962 Floralibus.
1915 907 2069 965 Alex.
2110 913 2179 965 ab

1199 985 1352 1038 Alex.
1366 983 1575 1038 Genial.
1594 985 1742 1041 Dier.
1764 989 1859 1041 lib.
1872 991 1975 1056 VI,
1990 1009 2105 1064 cap.
2126 995 2179 1046 8.

1199 1065 1414 1119 Horum
1441 1065 1724 1120 missilium
1752 1088 1847 1122 seu
1881 1073 2182 1143 congiario-

1199 1165 1326 1200 rum
1377 1145 1674 1220 descriptio
1735 1161 1790 1202 et
1852 1149 2027 1222 imago
2089 1173 2184 1206 ex·

1199 1237 1344 1279 stant
1382 1226 1563 1280 adhuc
1600 1229 1656 1280 in
1709 1230 2035 1302 quibusdam
2075 1254 2183 1287 nu-

1198 1307 1429 1360 mismat.
1475 1309 1659 1381 Impp.
1711 1311 1808 1362 uhi
1854 1331 1919 1364 ex
1964 1312 2185 1368 adversa

1198 1400 1385 1460 parte,
1416 1391 1722 1462 Imperator
1749 1403 1959 1464 togatus
1982 1394 2037 1446 in
2064 1414 2189 1468 sug·

1201 1482 1358 1541 gestu
1371 1467 1585 1536 sedens,
1598 1485 1651 1526 et
1666 1484 1913 1526 tesseram
1930 1493 2095 1528 manu
2114 1492 2188 1530 te-

1202 1567 1367 1616 nens,
1377 1553 1531 1623 juxta
1552 1569 1719 1624 quem
1741 1555 2026 1626 praefectus
2048 1557 2190 1611 Prae-

1205 1632 1345 1684 torio
1360 1646 1525 1684 stans:
1539 1633 1697 1698 infra,
1715 1632 1827 1688 duo
1836 1636 1920 1689 vel
1933 1650 2038 1690 tres
2051 1638 2188 1710 figu-

1202 1731 1275 1766 rae
1293 1725 1513 1777 stantes,
1530 1731 1760 1788 quarum
1779 1734 1886 1768 una
1906 1719 2099 1771 scalam
2114 1738 2190 1772 ase

1205 1792 1389 1844 cendit
1418 1807 1668 1846 tesseram
1691 1809 2016 1868 acceptura:
2046 1799 2191 1852 circa

1204 1873 1522 1926 inscribitur
1542 1889 1907 1928 mansuras
1928 1893 2059 1929 mc.
2078 1893 2186 1932 etc.

1207 1951 1479 2006 Ceterum
1494 1992 1510 2018 ,
1535 1951 1625 2005 hic
1644 1972 1756 2006 non
1779 1953 1849 2008 de
1871 1958 2154 2028 congiariis
2170 1998 2188 2024 ,

1207 2030 1302 2084 sed
1334 2029 1403 2084 de
1434 2031 1723 2085 missilibus
1750 2034 1949 2106 agitur.
1979 2038 2041 2088 A.

1283 2113 1401 2184 178.
1432 2113 1640 2164 Rixanti
1664 2115 1895 2186 popula]
1941 2117 2025 2168 Ita
2063 2117 2191 2170 soli-

1207 2207 1328 2248 tum
1345 2193 1466 2246 fieri
1486 2194 1544 2246 in
1565 2195 1887 2250 collectione
1907 2197 2194 2252 missilium

1210 2275 1435 2330 Sueton.
1460 2277 1619 2331 variis
1645 2277 1804 2346 locis,
1826 2291 1881 2334 et
1905 2279 2195 2353 scriptores

1209 2370 1419 2411 veteres
1440 2370 1723 2411 testantur.
1737 2364 2048 2411 —Floralia.
2068 2362 2195 2413 Flo-

1212 2440 1338 2492 ralia
1375 2438 1610 2493 edebant
1652 2438 1847 2495 aediles.
1892 2442 1973 2495 De
2014 2442 2196 2515 impu·

1212 2518 1398 2572 dicitia
1430 2520 1653 2573 illorum
1692 2520 1955 2573 ludorum
1994 2536 2051 2575 et
2088 2524 2197 2575 ori-

1212 2601 1368 2671 gine,
1390 2600 1504 2653 vid.
1543 2600 1708 2655 Ovid.
1750 2600 1893 2655 Fast.
1928 2604 1985 2655 in
2017 2605 2198 2671 Maio,

1215 2682 1520 2734 Laetam-et
1540 2701 1660 2755 quae
1684 2684 1990 2736 notavimus
2011 2684 2083 2737 ad
2100 2688 2134 2739 J
2139 2706 2201 2739 u·

1215 2780 1338 2816 ven.
1358 2774 1453 2815 sat.
1480 2764 1595 2827 VI,
1617 2783 1671 2818 v.
1700 2765 1823 2816 250.

1296 2862 1413 2913 179.
1437 2845 1625 2920 4prici.
1642 2883 1653 2893 .
1672 2883 1684 2897 .
1700 2883 1711 2895 .
1732 2848 1901 2916 senes.]
1921 2845 2199 2917 Apricatio

1220 2923 1378 2979 senili
1416 2922 1557 2976 aetati
1596 2923 2102 2977 convenientissima
2146 2938 2203 2979 et

1220 3003 1547 3077 gratissima,
1579 3016 1643 3055 ut
1670 3004 1840 3075 tangit
1874 3004 2098 3071 Cicero,
2132 3005 2203 3059 de

1223 3084 1535 3137 Senectute.
1563 3084 1837 3136 Ausonius
1851 3122 1867 3147 ,
1889 3084 2113 3137 Mosella
2133 3108 2147 3138 :

1223 3178 1429 3239 Tempus
1447 3179 1556 3235 erit,
1578 3178 1686 3227 cum
1707 3194 1780 3226 me
1798 3178 1962 3226 studiis
1982 3180 2205 3245 ignobilis

1347 3250 1435 3295 otii

1222 3320 1510 3367 Mulcentem
1545 3336 1677 3369 curas
1709 3322 1919 3385 seniique
1947 3327 2105 3387 aprica
2130 3326 2207 3373 fo-

1345 3402 1535 3438 ventem
1551 3423 1579 3445 ,.

1224 3464 1431 3511 Materiae
1452 3462 1745 3510 commendet
1764 3464 1915 3512 honos
1920 3496 2125 3513 .....

1227 3558 1418 3612 Solent
1436 3559 1607 3631 igitur
1622 3578 1777 3613 senes
1802 3560 1857 3611 in
1880 3559 1993 3611 sole
2008 3558 2217 3632 hybers

1228 3660 1304 3694 no
1355 3642 1655 3711 apricantes
1678 3678 1692 3700 ‚
1734 3641 1817 3693 καὶ
1864 3643 2209 3711 εἰληθεροῦντες

1229 3720 1370 3772 circa
1396 3719 1679 3773 meridiem
1708 3719 1963 3774 calidiore
1978 3759 1994 3785 ,
2016 3719 2087 3773 de
2112 3741 2213 3774 nu-

1231 3800 1310 3872 gis
1327 3800 1437 3851 hoc
1455 3818 1624 3872 genus
1644 3800 1862 3871 garrire.
1881 3798 2045 3862 Unde
2067 3800 2213 3855 Grae·

1232 3900 1427 3935 corum
1462 3881 1820 3953 proverbium
1840 3922 1855 3947 ,
1887 3880 2213 3955 μεσημῧρινὸς

1231 3966 1375 4033 λῆρος
1393 3998 1410 4025 ,
1436 3960 1586 4034 apud
1607 3960 1985 4035 Nicephorum
2001 3960 2214 4035 Grego·
