2775 4619
638 433 681 510 4
1177 425 1261 490 Α.
1314 423 1688 489 PERSII
1745 423 2129 488 FLACCI

726 553 890 636 Quis
921 547 1245 640 expedivit
1270 549 1541 638 psittaco
1577 571 1766 614 suurn
1797 561 2044 610 xAIPE
2061 593 2079 622 ‚

705 747 760 798 8.
794 747 909 811 Quis
936 743 1188 810 expedivit.
1208 741 1229 811 ]
1263 740 1381 792 Hoc
1407 759 1568 795 versu
1586 779 1604 805 ‚

630 825 829 896 incipit
855 821 1069 895 prologi
1097 839 1220 892 pars
1247 819 1505 892 secunda.
1537 821 1605 872 In

630 905 803 974 prima
834 914 1046 965 autem,
1070 903 1198 954 ciun
1228 918 1285 952 se
1316 900 1608 972 semipaga-

633 1003 799 1045 num,
818 987 1150 1054 pactamque
1170 982 1262 1035 vix
1287 979 1610 1032 inchoatum

631 1065 817 1126 ferret,
826 1079 887 1115 ea
902 1059 1161 1113 naturalis
1175 1060 1446 1114 lectorum
1462 1076 1612 1111 men-

632 1142 782 1196 tibus
808 1139 1045 1212 objectio
1070 1140 1337 1230 potuisset
1360 1137 1606 1194 innam·

632 1223 668 1273 ὁ
697 1220 882 1283 Persi,
906 1221 1033 1272 cum
1055 1219 1125 1271 sis
1152 1218 1524 1290 semipaganus
1549 1233 1611 1268 sc

633 1300 893 1354 barbarus
912 1304 1071 1372 poeta
1088 1336 1104 1362 ‚
1126 1317 1292 1370 quare
1312 1299 1482 1369 igitur
1495 1315 1612 1351 ver-

632 1400 723 1433 sus
744 1379 906 1432 facis?
928 1377 1013 1431 Ad
1050 1398 1169 1450 quse
1194 1376 1488 1452 respondet
1505 1413 1522 1442 ,
1548 1389 1612 1429 ut

636 1461 770 1513 olim
798 1461 983 1512 Horat.
1014 1459 1174 1530 epist.
1203 1458 1261 1509 11
1282 1495 1298 1520 ‚
1326 1477 1353 1508 2
1373 1495 1390 1522 ,
1417 1456 1478 1509 51
1503 1475 1516 1507 z

736 1581 748 1592 .
789 1580 799 1591 .
834 1549 1085 1606 Paupertas
1106 1544 1293 1605 impulit
1311 1543 1485 1601 audax,

631 1619 699 1664 Ut
728 1632 891 1663 versus
915 1615 1115 1662 facerem
1122 1646 1484 1661 ........

632 1695 803 1761 Quod
829 1708 906 1748 est
933 1713 1109 1747 amara
1132 1693 1312 1746 irrisio
1336 1693 1396 1744 in
1424 1697 1614 1763 poetas

632 1777 731 1828 sui·
760 1773 1052 1847 temporis,
1085 1791 1324 1845 quorum
1360 1772 1613 1843 plerique

634 1855 867 1909 famelici
880 1867 1129 1906 auctores
1139 1866 1193 1906 et
1208 1853 1429 1924 parasiti
1437 1865 1610 1904 erantt

635 1955 764 1989 nam
793 1935 1039 1988 Persium
1077 1931 1145 2004 de
1181 1951 1237 1984 se
1271 1932 1412 1984 serio
1449 1931 1616 2003 egisse

632 2017 727 2069 vix
767 2014 952 2067 credas
976 2051 992 2076 ‚
1031 2016 1159 2069 cum
1199 2013 1313 2085 ipse
1354 2012 1524 2064 fuerit
1561 2023 1618 2064 et

635 2092 809 2156 dives,
827 2107 879 2145 et
894 2093 1044 2146 bulla
1062 2106 1307 2154 ornatus,
1320 2104 1375 2144 et
1390 2095 1616 2163 poeseos

634 2192 807 2244 genus
828 2173 1051 2226 minime
1074 2171 1144 2224 ad
1166 2169 1500 2242 captandum
1518 2171 1616 2222 ho-

635 2253 852 2304 minum
902 2253 1141 2304 favorem
1188 2251 1455 2302 idoneum
1503 2268 1616 2300 am-

633 2334 831 2405 plexus
845 2331 872 2382 f
871 2332 1366 2396 uerit.——Expedivit.
1378 2328 1538 2381 Idem
1552 2348 1613 2381 ac

637 2410 864 2477 docuit,
896 2424 959 2463 ut
994 2429 1157 2466 versu
1198 2410 1466 2481 sequenti.
1504 2408 1613 2463 Sed

637 2492 961 2565 exquisitius
1005 2493 1111 2544 hoc
1155 2490 1392 2545 verbum
1425 2508 1438 2539 ε
1485 2510 1614 2543 nam

636 2572 944 2647 ignorantia
970 2585 1024 2625 et
1039 2568 1307 2663 ..ἀδυναμίαι
1340 2584 1420 2623 est
1446 2563 1616 2625 instar

641 2651 851 2715 vinculi
866 2690 882 2716 ,
904 2669 1016 2723 quo
1035 2651 1319 2723 ingenium
1336 2650 1618 2721 alligatum

632 2740 752 2798 est,
776 2745 841 2786 ut
860 2728 996 2802 ‘tt-6831
1023 2749 1151 2803 pes:
1174 2732 1406 2784 solvitur
1433 2744 1616 2785 autem

600 2806 603 2811 ¹
640 2830 707 2865 eo
734 2810 957 2864 vinculo
981 2848 997 2874 ‚
1024 2814 1151 2863 cum
1177 2810 1437 2873 docetur-3
1463 2810 1616 2883 quod

642 2892 910 2965 significat
940 2894 997 2947 τὸ
1034 2890 1288 2956 expedivit.
1362 2891 1612 2947 ·Psictaco.

640 2972 810 3025 'Vocis
838 2973 1091 3024 humanm
1125 2969 1446 3023 imitatione·
1469 2988 1620 3023 com-

643 3048 831 3119 plures
844 3046 1097 3119 praetlitas
1111 3066 1233 3100 aves
1250 3050 1507 3103 omnibus
1520 3068 1619 3101 no-

644 3140 767 3179 tum
782 3163 798 3189 ‚
816 3128 1117 3197 praesertim
1134 3127 1392 3198 psittacos
1405 3166 1421 3193 ,
1439 3129 1586 3199 picas
1600 3165 1619 3193 ,

642 3205 977 3269 acanthida,
988 3224 1200 3272 corvos,
1216 3207 1472 3281 aliasque,
1488 3228 1621 3281 quas

1684 759 1972 794 numerare
1997 759 2108 792 non
2139 751 2218 792 est
2245 745 2458 792 necesse
2475 757 2490 804 ;
2509 737 2660 792 unde

1686 820 2024 893 Porphyrius
2042 818 2111 872 de
2128 819 2258 873 abst.
2277 819 2441 872 anim.
2455 819 2520 872 ab
2537 837 2656 882 esu,

1685 900 1779 954 lib.
1808 900 1896 951 111
1914 937 1936 976 ⁹.
1957 899 2062 952 hoc
2083 912 2404 970 argumento
2427 899 2655 970 probare

1687 980 1928 1043 nititur,
1964 979 2076 1032 scil.
2120 979 2240 1031 non'
2281 997 2393 1031 esse
2432 977 2659 1031 omnino

1686 1062 1850 1116 bruta
1886 1061 2150 1131 animalia.
2183 1062 2242 1114 Ei
2267 1062 2527 1131 φαίνηται,
2547 1060 2620 1111 ait
2639 1098 2656 1118 ‚

1687 1141 1772 1198 καὶ
1787 1143 1920 1212 ἡμᾶς
1939 1143 2216 1212 μιμοὺμινα
2228 1176 2242 1198 ,
2267 1141 2351 1193 καὶ
2369 1139 2454 1195 τὴν
2471 1135 2660 1194 tui&

1686 1228 1916 1292 γλῶσσαν
1937 1222 2322 1278 ἐκμανθάνοντα,
2341 1219 2660 1272 καὶσυνιέντα

1689 1307 1785 1354 τῶν
1815 1299 2068 1369 ἐφιςώτων
2091 1341 2105 1364 ,
2136 1301 2208 1361 τίς
2241 1301 2391 1360 οὕτως
2423 1293 2660 1364 ἀναιδὴς,

1690 1383 1755 1441 ὡς
1783 1379 1851 1452 μὴ
1890 1383 2149 1450 συγχωρεῖν
2185 1373 2305 1431 εἶναι
2332 1377 2504 1448 λογικὰ
2531 1373 2661 1430 δίει-ι

1691 1461 1836 1520 ἅυτὸς
1861 1463 1912 1512 οὐ
1937 1461 2148 1514 συνίησιν
2179 1453 2242 1523 ὧν
2267 1461 2460 1529 λέγουσι
2480 1481 2491 1492 ·
2521 1460 2666 1529 κόροι-

1689 1559 1770 1600 κις
1809 1545 1920 1608 γοῦν
1959 1537 2043 1591 καὶ
2083 1540 2286 1598 κίτται,
2319 1537 2526 1608 ἐρίθσικοί
2568 1559 2662 1594 τε,

1690 1619 1774 1671 καὶ
1793 1617 2048 1688 ψιττακοὶ,
2071 1617 2346 1690 ἀνθρώπους
2369 1622 2633 1688 μιμοῦνται
2649 1655 2667 1680 ,

1691 1697 1775 1750 καὶ
1804 1700 2078 1768 μέμνηνται
2107 1691 2169 1748 ὧν
2201 1697 2258 1750 ἂν
2283 1697 2555 1754 ἀκούσωσι,
2582 1696 2667 1748 καὶ

1691 1773 2046 1848 διδασκόμενοι
2071 1777 2371 1829 ὑπακούουσι
2397 1783 2467 1846 τῷ
2486 1772 2670 1829 διδάσ-

1693 1876 1855 1914 κοντι,
1887 1857 1970 1908 καὶ
2002 1857 2170 1910 πολλοί
2211 1877 2269 1928 γε
2311 1855 2554 1926 lla-[mcum
2599 1851 2669 1907 δι’

1696 1930 1758 1989 ὧν
1804 1932 2136 2004 ἐδιδάχθησαν
2173 1936 2258 1989 καὶ
2293 1937 2405 1996 τοὺς
2435 1937 2670 2006 ἁμαρτά-

1695 2036 1866 2078 νοντα-ς
1905 2016 2038 2070 κατὰ
2085 2019 2165 2069 τὸν
2225 2010 2374 2068 οἷκον.
2418 2045 2489 2054 -—
2521 2020 2672 2064 Suum

1694 2103 1746 2148 X
1759 2103 1840 2148 AI
1855 2103 1892 2148 P
1905 2103 1961 2148 E.
1979 2089 2060 2147 Ut
2080 2097 2382 2166 plurimum
2405 2094 2675 2148 doceban-

1698 2188 1792 2228 tur
1829 2194 1950 2230 aves
1989 2175 2326 2229 salutationis
2357 2175 2554 2239 verba3
2585 2176 2674 2226 vel

1695 2254 1906 2327 singula
1934 2294 1950 2321 ‚
1983 2259 2122 2327 χαῖρε
2155 2292 2169 2315 ,
2215 2273 2332 2314 ave,
2375 2258 2511 2304 'salve
2533 2290 2550 2315 ,
2587 2255 2677 2308 vel

1677 2335 1856 2405 ‘paulo
1879 2335 2036 2405 plura
2053 2369 2070 2396 ‚
2096 2349 2159 2388 ut
2178 2332 2398 2388 κονὸἷτον
2423 2338 2524 2389 πίω
2539 2371 2555 2397 ,
2587 2355 2675 2407 ap.

1692 2413 2066 2483 Simpliciumt
2085 2416 2170 2469 vel
2186 2410 2234 2465 εὖ
2256 2416 2466 2485 πράττι,
2481 2430 2541 2470 et
2555 2418 2680 2476 Ζεὺς

1691 2493 1853 2553 Deme.
1873 2494 1958 2549 καὶ
1988 2492 2055 2546 τὰ
2080 2498 2319 2551 τοιαῦτα,
2341 2496 2533 2566 inquit
2554 2497 2681 2548 Phi—

1691 2570 1988 2637 lostratus3
2021 2570 2303 2624 interdum
2339 2573 2508 2625 etiam
2550 2577 2678 2647 plu·

1695 2669 1842 2701 rium
1857 2668 2057 2705 vocum
2069 2669 2258 2706 versus
2271 2663 2365 2704 aut
2378 2658 2680 2709 sententias

1696 2726 2064 2795 docebantur,
2083 2744 2146 2783 ut
2165 2731 2245 2783 illi
2263 2732 2446 2797 corvi,
2465 2735 2572 2806 qui
2593 2735 2682 2788 ad-

1694 2809 1970 2863 mirationi
2024 2812 2253 2864 fuerunt
2303 2814 2561 2883 Augusto
2619 2834 2684 2868 ex

1693 2891 1906 2945 Actiaca
1929 2893 2155 2945 victoria
2181 2895 2516 2959 revertenti,
2545 2916 2683 2967 quo·

1696 2990 1824 3025 rum
1850 2972 2025 3025 alter
2009 2974 2296 3027 institutus
2325 2976 2508 3027 fuerat
2531 2975 2683 3029 dice·

1697 3069 1790 3107 re:
1814 3071 1926 3112 ave,
1950 3055 2140 3112 Caesar,
2155 3055 2350 3113 victor,
2368 3059 2683 3135 Imperator:

1697 3131 1866 3196 alter,
1895 3152 2010 3194 ave,
2039 3136 2234 3195 victor,
2269 3138 2551 3201 Imperator·
2574 3141 2683 3185 Λη-

1697 3211 1815 3264 tona.
1834 3212 1992 3269 Prior
2007 3224 2222 3267 tantum
2237 3215 2525 3286 apparuit,
2546 3216 2687 3270 alter

718 3404 790 3453 V.
814 3402 866 3449 8.
894 3402 1014 3449 Post
1033 3399 1175 3461 hunc
1198 3416 1400 3449 versum
1419 3403 1718 3453 recentiores
1741 3404 1947 3469 quidam
1970 3406 2120 3457 codd.
2139 3419 2217 3471 et,
2235 3419 2409 3473 postea
2425 3444 2442 3472 ,
2461 3410 2689 3461 editores

644 3481 750 3531 fere
774 3496 949 3532 omnes
970 3480 1127 3528 alium
1156 3480 1409 3541 inserunt,
1437 3482 1508 3529 sic
1527 3499 1542 3529 :

1156 3591 1341 3637 corvos
1366 3591 1473 3654 quis
1504 3593 1618 3639 olim
1641 3608 1892 3655 concavum
1915 3596 2113 3643 salutare
2126 3597 2149 3641 Ρ

651 3704 869 3751 'Versum
891 3696 1029 3747 hunc
1056 3698 1285 3763 spurium
1312 3714 1419 3747 esse
1445 3699 1648 3747 minime
1679 3699 2044 3763 dubitandum;
2071 3703 2319 3751 insulsum
2339 3714 2592 3769 praeterea
2609 3742 2624 3767 ,
2647 3715 2694 3754 et

652 3780 882 3830 inutilem
899 3814 914 3840 ‚
930 3832 935 3845 ι
953 3777 1068 3827 cum
1102 3778 1166 3827 de
1206 3780 1369 3827 eorvis
1411 3780 1542 3827 infra
1577 3780 1802 3830 dicturus
1844 3783 1909 3831 sit
1943 3786 2124 3848 poeta}
2157 3796 2466 3849 quapropter
2507 3788 2662 3835 illum
2678 3822 2692 3842 ,

655 3860 1085 3910 consentientibus
1108 3860 1209 3909 fere
1234 3860 1466 3909 omni-bus
1496 3861 1637 3926 libris
1651 3896 1668 3925 ,
1689 3873 1738 3910 et
1767 3863 1942 3912 codice
1969 3876 2141 3914 nostro
2155 3900 2170 3925 ,
2205 3882 2234 3914 a
2263 3866 2484 3933 prologo
2513 3869 2694 3933 rejeci-

650 3958 786 3991 mus.
815 3945 878 3993 Iu
910 3943 1127 3991 editione
1163 3942 1391 3991 Persiana
1426 3944 1508 3991 Jo.
1545 3944 1849 4004 Britannici,
1880 3945 2032 3993 Paris.
2066 3947 2200 4010 apud
2228 3949 2276 3996 J.
2308 3949 2437 3996 Petit
2457 3984 2476 4009 ,
2519 3951 2658 3999 1505
2675 3982 2693 4007 ‚

650 4022 762 4073 haec
780 4024 939 4091 glossa
955 4024 1251 4076 interlineas
1269 4024 1506 4075 inseritur
1523 4036 1544 4073 r
1555 4040 1726 4075 versus
1744 4024 1824 4076 hic
1841 4042 1876 4075 a
1891 4025 2114 4088 Fonteio,
2135 4042 2234 4077 non
2253 4030 2319 4077 ab
2337 4028 2696 4096 amsponieur.
