2775 4619
575 337 688 432 30·

1083 339 1166 403 A.
1219 337 1596 403 PERSII
1650 335 2043 406 F'LA'CCI

655 464 821 528 Sunt
841 511 859 543 ,
885 484 1046 550 quos
1075 461 1557 550 Pacuviusque,
1586 478 1651 527 et
1676 487 2025 530 verrucosa
2052 486 2343 534 moretur

654 579 972 666 Antiopa,
1005 580 1303 641 oerumnis
1329 599 1444 640 cor
1474 575 2101 668 luetffieabilefulta.

656 695 796 758 Hos
829 694 1048 782 pueris
1083 692 1370 757 monitus
1406 707 1619 781 patres
1652 693 2001 760 infundere
2031 698 2247 788 lippos

655 811 822 874 Cum
844 808 1059 874 videas
1070 809 1460 896 ,quaerisne‚
1487 808 1665 874 unde
1690 807 1830 875 haec
1854 827 2109 902 sartago
2132 814 2452 903 loquendi
2547 825 2645 878 80

651 925 978 990 Venerit
957 949 1028 988 in
1048 923 1366 1014 linguas?
1396 924 1591 989 Unde
1619 925 1797 989 istud
1825 926 2142 1010 dedemm,
2170 931 2237 993 in
2268 954 2403 1020 quo

651 1042 994 1107 Trossulus
1024 1029 1302 1104 >exsultat
1335 1040 1460 1104 tibi
1497 1063 1617 1130 per
1642 1042 1959 1108 subsellia
1990 1045 2149 1110 levis
2174 1045 2205 1109 ἱ)

563 1243 726 1311 poeta
745 1249 904 1291 vetus
931 1235 1038 1289 fuit
1065 1233 1302 1305 tragicus
1323 1231 1547 1286 Pacuvii

563 1321 852 1408 ὁμόχρονοςῖ
882 1336 1126 1388 quocum
1173 1317 1286 1368 fere
1331 1333 1548 1386 semper

560 1397 712 1469 apud
752 1397 1046 1466 scriptores
1087 1393 1363 1466 jungitur.
1407 1391 1542 1445 vid.

561 1478 711 1530 Tull.
750 1495 854 1549 pro
889 1477 1056 1528 Arch.
1098 1480 1249 1546 poet.
1291 1474 1539 1526 Macrob.

507 1576 512 1580 ·
561 1559 782 1614 Saturn.
803 1557 1130 1628 lib..1,cap.
1163 1575 1213 1626 7.
1237 1553 1362 1606 val.
1387 1554 1537 1607 Max

559 1641 660 1693 lib.
690 1639 814 1704 ΙΙΙ,
838 1657 958 1710 cap.
987 1657 1055 1709 7,
1081 1651 1186 1690 etc.
1213 1633 1278 1689 C.
1309 1635 1445 1688 etP.

649 1739 735 1792 77.
787 1723 1044 1772 Pacuvius.
1068 1721 1089 1787 ]
1139 1713 1540 1789 Tragoedorum

557 1803 812 1874 princeps
825 1801 1141 1872 aliquanto
1120 1799 1310 1874 junior
1326 1796 1541 1851 Plauto.

557 1882 726 1935 Ennii
756 1901 823 1935 ex
853 1898 1038 1934 sorore
1070 1898 1241 1951 nepos
1266 1877 1432 1932 fuisse
1460 1877 1545 1930 dia

557 1964 722 2017 citur.
773 1965 1030 2016 Duorum
1085 1961 1354 2013 horumce
1404 1966 1540 2032 poe-

557 2059 740 2098 tarum
767 2043 972 2118 stylus,
996 2053 1132 2096 teste
1159 2039 1537 2105 Quintiliano,

556 2125 652 2177 lib.
681 2125 768 2189 X,
793 2142 912 2196 cap.
946 2141 970 2174 1
996 2160 1014 2186 ‚
1037 2140 1194 2192 asper
1227 2119 1455 2191 quidem
1484 2133 1540 2172 et

555 2203 767 2268 durus,
801 2216 1040 2255 attamen
1083 2200 1379 2255 interlucet
1416 2221 1539 2254 sen-

557 2283 758 2339 tentiis.
771 2314 846 2323 —-
863 2285 1150 2335 Vertat-osa.
1169 2281 1341 2345 Quasi
1356 2300 1543 2335 verru-

554 2366 633 2417 cis
658 2376 711 2416 et
734 2358 1046 2415 tumoribus
1071 2378 1256 2432 aspera
1271 2398 1286 2422 ‚
1311 2379 1425 2431 prae
1444 2381 1541 2413 ve-

554 2458 755 2499 tustate
772 2483 787 2507 ,
812 2443 970 2497 rudis
999 2456 1053 2495 et
1082 2441 1348 2514 impolita.
1376 2442 1441 2494 P.

550 2538 553 2541 ·
629 2526 718 2596 78.
741 2526 998 2591 Antiopa]
1023 2520 1246 2575 Titulus
1267 2520 1541 2592 tragoediae

553 2603 872 2659 Pacuvianae
900 2641 916 2667 ‚
951 2603 1110 2673 cujus
1160 2601 1238 2653 sic
1284 2602 1537 2655 meminit

554 2684 706 2737 Tull.
740 2684 842 2737 lib.
879 2684 946 2747 1,
974 2680 1043 2734 de
1075 2680 1200 2734 Fin.
1241 2685 1359 2747 Quis
1386 2685 1541 2734 Ennii

553 2769 778 2817 Medeam
791 2802 810 2825 ,
829 2778 882 2815 et
905 2765 1109 2813 Pacuvii
1120 2765 1389 2829 Antiopam
1410 2783 1533 2815 con-

551 2860 741 2898 temnat
769 2860 820 2897 et
847 2838 1056 2915 rejiciat.
1073 2847 1422 2896 -Aerumnis
1451 2867 1538 2897 cot·

551 2928 872 2999 luctificabile·
892 2927 1052 2992 fulta.
1081 2924 1268 2977 Verba
1307 2924 1533 2980 Pacuvii

553 3025 623 3059 ex
649 3006 918 3077 Antiopa,
949 3002 1101 3076 quod
1139 3010 1220 3057 est
1244 3004 1532 3058 verisimil-

551 3085 771 3152 limum,
784 3085 1125 3157 deprompta.
1135 3084 1299 3138 Hunc
1312 3105 1533 3140 versum

553 3166 771 3219 Persius
781 3166 979 3219 merito
993 3178 1163 3230 notat,
1174 3180 1293 3220 tum
1305 3183 1535 3239 propter

514 3256 518 3259 “
552 3247 928 3318 metaphoram
945 3246 1321 3318 impropriam,
1337 3246 1535 3301 duram

551 3341 608 3381 et
643 3328 922 3400 ineptam,
960 3332 1191 3380 aerumnis
1218 3329 1393 3396 fulta,
1430 3347 1533 3400 pro

549 3408 944 3461 circumcincta
963 3408 1355 3461 calamitatibus
1372 3447 1391 3473 ‚
1411 3421 1533 3460 tum

547 3503 782 3563 propter
833 3489 1174 3543 manifestam
1227 3490 1532 3543 affectatio-

547 3588 682 3622 nem
695 3607 712 3634 ‚
735 3588 856 3642 quae
874 3570 1017 3622 inest
1037 3570 1094 3621 in
1120 3570 1366 3641 epitheto
1387 3573 1533 3621 lucti-

537 3650 747 3722 fieabile
754 3672 776 3711 ;
799 3650 951 3723 quod
965 3652 1202 3707 ‚verbum
1213 3690 1229 3717 ,
1247 3662 1532 3723 praterea,

547 3745 748 3802 parum
769 3732 1008 3785 sermoni
1025 3744 1216 3803 aptum
1233 3743 1314 3783 cst
1331 3744 1386 3785 et
1405 3750 1535 3785 con-

1626 1234 1865 1288 veniens.
1896 1233 1975 1290 Ea
2012 1251 2197 1292 autem
2228 1253 2389 1294 vocat
2418 1241 2632 1296 Horat.

1626 1319 1871 1382 ampullas
1892 1332 1944 1366 et
1960 1322 2319 1386 sesquipedalia
2342 1326 2519 1373 verba.
2543 1325 2630 1375 A.

1698 1411 1789 1465 79.
1832 1399 1932 1449 Hos
1966 1401 2137 1465 pueris
2184 1404 2431 1462 monitus,
2472 1419 2573 1454 etc.
2608 1407 2637 1472 J

1627 1475 1769 1528 Cam
1798 1475 1968 1549 igitur
1992 1479 2174 1533 videas
2206 1493 2387 1553 putres
2423 1485 2593 1550 lippos
2608 1522 2633 1544 ,

1619 1557 1837 1609 insanos
1854 1557 1969 1612 haec
1988 1561 2365 1632 praecipientes
2380 1565 2581 1636 pueris
2603 1603 2627 1628 ‚

1619 1637 1856 1704 scilicet,
1888 1650 1953 1691 ut
1976 1643 2186 1694 veteres
2218 1649 2407 1716 poetas
2442 1645 2631 1696 sicuti

1618 1718 1945 1790 exemplaria
1959 1720 2235 1794 sequenda
2249 1723 2429 1794 legant
2442 1735 2627 1795 atque

1624 1801 2274 1868 sectentur.—Infundere.
2288 1805 2452 1856 Recte
2461 1823 2627 1856 :nam

1597 1913 1603 1918 -
1622 1893 1929 1949 puerorum
1943 1879 2158 1952 ingenia
2170 1881 2338 1934 instar
2349 1881 2625 1937 vasorum

1624 1973 1775 2014 sunt·

1689 2041 1783 2092 80.
1816 2044 1951 2092 Unde
1970 2043 2077 2092 hoec
2102 2056 2308 2110 sarcago
2333 2045 2619 2114 loquendi]

1614 2119 1911 2175 Misturam
1966 2121 2109 2174 hanc
2158 2135 2497 2178 vetustarum
2557 2136 2623 2176 et

1619 2199 1997 2253 damnatarum
2050 2197 2398 2254 locutionum
2444 2215 2627 2256 vocat

1621 2279 1941 2353 sartaginem
1992 2277 2262 2353 loquendi
2292 2322 2308 2347 ,
2352 2281 2619 2336 alludens

1620 2360 1690 2412 ad
1700 2360 1991 2413 stridorem
2000 2361 2275 2433 ingratum
2284 2380 2471 2415 rerum
2482 2380 2619 2439 quae

1620 2440 1679 2493 in
1693 2443 1957 2513 sartagine
1972 2442 2268 2513 friguntur.
2292 2469 2313 2489 α
2328 2442 2405 2497 Ut
2416 2458 2619 2497 autem

1624 2524 1649 2569 '-
1670 2520 1823 2576 addit
1864 2520 2094 2574 Casaub.
2128 2559 2145 2587 ‚
2182 2522 2398 2575 Persius
2438 2539 2617 2578 sarta-

1620 2627 1643 2650 ι
1664 2604 1847 2674 ginem
1867 2600 1937 2655 de
1954 2602 2197 2655 oratione
2216 2601 2383 2667 dixin
2401 2605 2475 2657 sic
2494 2600 2617 2658 Eu·

1620 2708 1641 2731 ι
1663 2683 1831 2735 hulus
1855 2682 2077 2736 Graecus
2102 2684 2355 2736 comicus
2386 2685 2613 2738 ferven-

1619 2790 1642 2813 ι
1665 2766 1807 2817 tium
1835 2766 2147 2837 patinarum
2184 2782 2383 2817 sonum
2414 2768 2609 2837 appel-

1619 2875 1642 2896 «
1662 2846 1797 2899 lavit
1819 2847 2052 2918 λάλημα,
2076 2846 2136 2899 id
2166 2847 2602 2919 est‚'loquelam.

1612 2928 1787 2989 Δοπὰς
1804 2928 2049 2998 παφλάζει
2076 2922 2309 2999 βαρῧσίρῳ
2325 2928 2605 2999 λαλήματι,

1610 3004 1825 3064 Πηδῶσι
1840 3001 1893 3060 δ’
1913 3010 2045 3075 ἰχθῦς
2070 3010 2117 3059 ἐν
2138 3009 2329 3075 μέσοισι
2347 3010 2601 3079 τηγάνοις.

1618 3112 1642 3134 ι
1664 3092 1875 3157 &ar-tago
1900 3126 1917 3148 ,
1960 3106 2075 3141 vox
2123 3086 2333 3159 origine
2380 3086 2603 3161 Syriaca

1619 3192 1642 3213 ι
1664 3176 1799 3227 tva
1818 3206 1834 3233 ‚
1862 3166 2010 3220 unde
2032 3206 2049 3230 ‚
2071 3172 2249 3224 h'ffvn
2267 3206 2284 3230 ‚
2306 3180 2557 3237 sartago.»

1685 3248 1774 3301 81.
1822 3252 1961 3299 Unde
2003 3252 2135 3300 istud
2169 3250 2418 3320 dedecus]
2458 3248 2597 3301 Cor-

1612 3341 1788 3400 ruptae
1803 3326 2152 3399 eloquentiae‚
2169 3332 2257 3401 cuj
2264 3344 2327 3382 us
2342 3330 2597 3383 facinoris

1613 3414 1743 3463 cum
1756 3408 1969 3481 pudere
1989 3409 2213 3464 deberet
2234 3422 2499 3477 auctores,
2515 3411 2595 3464 illi

1612 3502 1802 3542 contra
1817 3488 1887 3541 de
1900 3491 2099 3541 teneris
2113 3488 2396 3543 sensiculi}
2409 3502 2463 3542 et
2476 3508 2595 3542 sen-

1610 3570 1846 3623 tentiolis
1882 3570 2225 3624 vibrantibus
2274 3569 2352 3627 sic
2394 3570 2588 3622 trium-

1610 3652 1813 3723 phant,
1836 3650 1993 3723 quasi
2012 3649 2081 3703 de
2100 3668 2161 3703 re
2178 3651 2323 3703 hene
2338 3660 2501 3721 gesta.
2527 3650 2587 3701 C.

1684 3733 1750 3785 82
1762 3770 1775 3783 .
1808 3734 2089 3799 Trossulum]
2110 3731 2156 3782 A
2174 3729 2437 3782 Tmssulo
2457 3730 2592 3783 Tus-

619 3914 683 3960 Ὺ.
715 3914 794 3961 80.
833 3916 1055 3977 Sartago.
1083 3912 1157 3960 Ita
1188 3912 1372 3977 legitur
1400 3914 1536 3979 apud
1562 3912 1707 3963 codd.
1742 3911 2036 3990 etoptimas
2067 3910 2179 3959 edd.
2212 3912 2346 3960 Male
2364 3909 2522 3979 igitur
2541 3918 2587 3959 et

555 4002 726 4049 contra
745 4004 963 4043 mentem
981 3995 1144 4057 poeta!
1155 4027 1170 4051 ,
1193 3993 1397 4059 quidam
1418 3994 1631 4044 editores
1651 4002 2021 4060 proposuerunt
2025 3988 2269 4056 farrago·
