2775 4619
543 265 547 273 ·
595 278 719 319 210
909 250 1135 316 JANI
1184 238 1580 314 DOUSAE
1635 214 2340 319 sonum-asim*

592 380 765 453 cujus
803 376 1244 435 existimationis
1285 377 1573 434 rationem
1616 376 1666 434 si
1705 396 1816 455 pro
1854 397 2118 455 personae
2157 378 2503 437 matronalis
2537 378 2635 438 di-

591 475 809 553 gnitate
854 474 1070 532 habere
1112 472 1477 531 voluerimus
1509 516 1528 544 ,
1570 484 1754 532 totam
1807 494 1958 551 pene
2005 476 2215 555 prioris
2266 474 2636 534 hemistichii

590 584 846 651 partem,
874 582 1204 629 retexamus
1236 589 1470 628 necesse
1500 571 1626 628 erit.
1658 570 1776 630 sed
1803 573 1962 630 enim
1979 615 1996 644 ,
2021 572 2132 631 hoc
2161 573 2384 652 absque
2419 585 2635 631 aucto-

490 658 495 664 ⁵
587 669 753 728 ribus
786 669 952 727 libris
984 669 1285 727 infirmum
1306 712 1323 739 ‚
1352 688 1548 746 neque
1586 668 1733 727 adeo
1769 681 1967 727 tutum
2004 671 2173 729 satis:
2200 690 2353 749 quos
2378 670 2634 750 quidem

586 786 697 845 ego
718 767 1127 844 suffragatores
1151 766 1198 822 si
1214 764 1493 824 haberem
1515 764 1692 835 mihi,
1714 765 1966 824 libenter
1980 761 2220 827 hercule
2237 768 2629 847 reposuerim.
2708 774 2711 789 ²

936 884 1106 949 Teque
1130 892 1371 947 tuosque,
1397 899 1555 949 praees
1580 883 1723 948 queis
1747 883 2149 944 facundissima,
2174 886 2328 934 colles

938 963 1229 1029 Aggredior.
1325 972 1333 981 ’

589 1067 703 1126 Vel
733 1068 946 1139 etiam,
977 1070 1173 1163 calles.
1204 1066 1400 1125 Habes
1424 1079 1744 1146 protenus.

587 1215 648 1257 v.
686 1216 785 1258 12.
812 1193 936 1257 Dic
958 1192 1165 1380 mihpij
1146 1190 1520 1282 ‚Calliope‚
1550 1191 1864 1281 quidnam
1887 1200 2070 1283 pater
2094 1125 2204 1257 ille
2229 1193 2523 1259 Deorum

815 1292 1071 1381 Cogitat

667 1380 909 1479 Mirum,
924 1406 997 1489 ιιῆ
1006 1407 1083 1466 ad
1095 1428 1342 1466 aureum
1352 1407 1508 1465 illud
1511 1421 1722 1487 ‚atque
1733 1428 1810 1466 ex
1821 1409 1985 1468 omni
1999 1421 2162 1487 parte
2184 1409 2424 1469 beatum
2436 1408 2627 1469 Flavii

586 1506 795 1584 patris,
817 1525 884 1563 ac
904 1506 1023 1563 Titi
1037 1506 1375 1583 Vespasiani
1395 1505 1499 1563 filii
1523 1505 1806 1563 saeculum
1823 1507 2144 1584 respexerit
2155 1506 2382 1571 Poetria
2397 1520 2622 1578 nostra,
2723 1492 2725 1495 Α

586 1602 758 1675 cujus
774 1602 921 1660 adeo
945 1604 1226 1661 memoria
1241 1647 1258 1674 ,
1286 1602 1472 1661 immo
1499 1602 1716 1661 sublati
1737 1624 1811 1663 ex
1829 1604 2024 1663 oculis
2045 1604 2404 1663 desiderium
2419 1604 2630 1683 potius

586 1719 791 1758 recens
820 1701 995 1757 etiam
1025 1713 1155 1758 tum
1184 1700 1524 1760 mortalium
1559 1700 1768 1759 animis
1807 1700 2223 1761 obversabatur
2239 1746 2258 1774 ,
2287 1721 2357 1760 ac
2387 1712 2628 1761 tantum

582 1816 707 1859 non
744 1799 1094 1877 impressum
1131 1798 1460 1870 residebat3
1491 1810 1550 1857 et
1589 1798 1835 1876 quidem
1870 1818 1942 1858 eo
1982 1776 2241 1872 firmius,
2265 1818 2332 1856 ac
2370 1800 2628 1877 propius

584 1894 867 1955 medullis
900 1940 916 1968 ‚
962 1898 1084 1977 quo
1128 1897 1317 1971 major
1358 1896 1726 1975 Reipublicae
1773 1898 2024 1955 mutatio
2073 1899 2224 1956 sacta
2237 1939 2256 1969 ,
2296 1897 2629 1957 Domitiani

584 1995 936 2053 successoris
964 1993 1275 2053 insolentia
1304 1994 1558 2055 maxime
1575 2039 1592 2067 ,
1623 1994 1900 2054 tenibilis
1935 1994 2162 2053 cunctis
2189 2007 2248 2053 et
2272 1996 2464 2053 invisi.
2497 2000 2630 2055 Me-

510 2172 517 2177 ·
582 2093 734 2153 rito:
758 2094 980 2171 quippe
998 2113 1180 2170 quem
1207 2112 1329 2151 non
1355 2092 1550 2152 solum
1573 2113 1798 2173 magnae
1815 2138 1833 2165 ,
1864 2093 1968 2151 sed
1999 2104 2060 2152 et
2089 2090 2318 2165 callidae
2341 2093 2628 2173 inopina·-

582 2203 777 2270 taeque
800 2192 1031 2249 saevitiae
1058 2190 1484 2269 Imperatorem
1503 2191 1684 2249 fixisse
1699 2236 1716 2263 ‚
1746 2190 2014 2270 perhibet
2039 2192 2382 2251 Suetonius.

582 2339 643 2382 v.
678 2315 777 2380 13.
823 2362 1106 2381 .......
1118 2323 1123 2328 ’
1135 2363 1547 2381 ..........
1585 2313 1804 2380 Patria
1832 2316 2058 2380 saecula
2083 2332 2292 2382 mutat
2309 2316 2376 2406 Ρ]

666 2443 875 2497 Patria
903 2459 1043 2519 ergo
1080 2444 1299 2497 soecula
1314 2483 1336 2511 ‚
1370 2439 1532 2498 haud
1569 2439 1682 2498 alia
1716 2441 1924 2519 utique
1940 2484 1959 2514 ,
1987 2442 2170 2520 quam
2211 2441 2486 2502 Saturnia
2521 2442 2629 2500 illa

584 2539 858 2598 omnium
894 2545 1200 2630 poetarum
1230 2538 1537 2618 praeconiis
1563 2538 1874 2598 celebrata.

472 2721 479 2726 .
582 2685 648 2728 v.
686 2687 712 2729 1
727 2661 785 2728 5.
811 2663 1078 2752 Nosque
1099 2663 1285 2752 jubet
1311 2664 1572 2745 tacitoS‚
1598 2663 1793 2730 etiam
1815 2663 2088 2728 rationis
2113 2665 2400 2754 egenos.]

660 2791 792 2848 Hoc
820 2802 909 2848 est
924 2833 941 2859 ‚
967 2789 1177 2869 inopes
1200 2790 1373 2847 bonae
1401 2789 1645 2859 mentiti,
1669 2789 1788 2846 sive
1815 2787 2081 2860 consilii,
2106 2808 2216 2866 nec
2236 2788 2356 2862 jam
2379 2789 2626 2848 rationis

582 2880 871 2967 amplius,
892 2888 989 2946 vel
1004 2886 1215 2967 judicii
1236 2887 1420 2944 ullius
1445 2887 1688 2944 sanioris
1713 2897 2018 2964 compotes
2033 2929 2052 2958 ‚
2073 2873 2256 2944 veluti
2279 2883 2444 2944 muta
2471 2885 2626 2964 (hoc

582 2987 743 3044 enim
768 2988 824 3039 τὸ
854 2989 1055 3042 tacitos
1078 2983 1209 3042 vult
1234 2983 1383 3062 sihi)
1421 3003 1634 3062 pecora
1669 2982 1782 3041 sub
1813 2982 2031 3061 jugum
2061 2982 2237 3040 missa
2253 3025 2272 3054 ,
2307 2983 2404 3041 vel
2443 2985 2624 3061 (cum

582 3082 793 3140 Flacco
818 3094 888 3140 ut
913 3083 1139 3160 dicam)
1803 3078 1808 3082 ’

952 3223 1391 3239 .............
1419 3189 1611 3255 Iniquae
1637 3188 1819 3237 mentis
1844 3188 2049 3246 asellos,

581 3287 871 3344 auriculas
900 3277 1309 3359 demittentes,

938 3393 1065 3444 Cum
1090 3397 1283 3462 gravius
1309 3397 1460 3445 dorso
1486 3396 1684 3444 subiere
1709 3412 1856 3444 onus.

580 3491 801 3551 Eadem
822 3492 927 3569 illa
940 3537 956 3564 ‚
978 3513 1162 3571 ‘quam
1184 3493 1506 3553 memoravi
1525 3493 1708 3552 modo
1721 3537 1738 3564 ,
1765 3492 2067 3570 tyrannica
2083 3487 2404 3549 Domitiani
2427 3488 2614 3547 domi-

580 3592 819 3650 natione
855 3613 1199 3671 oppressos,
1229 3613 1299 3650 ac
1333 3593 1518 3651 modo
1555 3611 1676 3650 non
1717 3590 1984 3650 redactos
2024 3589 2100 3648 ad
2137 3585 2622 3648 extremissimam

578 3713 779 3751 rerum
824 3693 1093 3750 omnium
1135 3691 1442 3770 penuriam
1480 3710 1547 3748 ac
1592 3688 2076 3776 desperationem.
2117 3691 2215 3745 An
2263 3684 2379 3743 hoc
2419 3685 2623 3789 potius

576 3791 791 3868 quaerit
816 3791 1108 3868 Sulpicia,
1139 3788 1305 3868 quod
1341 3789 1645 3866 sequentia
1679 3787 2028 3844 confirmant
2056 3783 2314 3866 oppido,
2337 3794 2621 3840 utrumne

577 3896 611 3951 J
616 3909 711 3950 ovi
732 3889 1037 3958 decretum
1056 3889 1162 3960 sit,
1189 3885 1691 3946 consentientibus
1711 3879 1900 3955 Fatis,
1917 3884 2166 3952 artium,
2193 3879 2619 3948 doctrinarum,
