2775 4619
957 377 1352 464 SATIRA
1409 378 1467 444 1.

261 503 354 568 Et
389 501 698 570 natalitia,
719 501 982 570 tandem
1020 525 1172 568 cum
1203 503 1605 592 sardonyche
1636 505 1823 572 albus
1838 555 1859 588 ,

266 617 441 684 Sede
471 619 648 708 leges
683 618 850 682 celsa
866 665 885 700 ,
914 617 1172 706 liquido
1205 623 1356 684 cum
1392 619 1698 708 plasmate
1733 637 1961 710 guttur

266 734 530 800 Mobile
567 735 873 837 collueris
889 783 908 817 ,
937 735 1220 826 patranti
1254 736 1493 800 fractus
1527 735 1755 801 ocellO.

183 942 338 1000 cepta
358 923 592 982 moralia
607 967 623 994 ,
653 941 716 980 ut
741 945 942 1000 supra,
971 929 1002 980 6
1026 947 1172 980 curas

184 1011 438 1060 hominum
449 1016 472 1059 ,¹
488 1025 578 1060 etc.
592 1009 936 1077 A.-—-Populo.
950 1009 1172 1080 Duplex

140 1087 154 1101 '
181 1089 287 1143 fnit
299 1089 574 1142 recitatio:
594 1086 762 1153 domi,
777 1088 960 1142 amicis
973 1106 1172 1141 convo·

182 1169 312 1220 catis
329 1167 402 1222 ad
423 1163 894 1234 emendationem3
913 1166 1136 1239 publice
1150 1203 1167 1232 ,

183 1246 240 1299 in
255 1247 544 1300 auditorio
558 1282 582 1312 ,·
598 1246 684 1301 vel
702 1247 857 1312 alibi,
879 1251 1044 1320 quem
1063 1265 1171 1300 ma·

181 1328 326 1380 xima
344 1326 470 1380 fleri
493 1338 710 1398 poterat
730 1330 932 1378 corona
947 1363 966 1392 ,
991 1325 1060 1380 ad
1083 1344 1170 1378 os·

185 1407 567 1462 tentationem.
600 1407 682 1458 De
721 1405 945 1478 privatis
973 1405 1168 1459 recita·

185 1486 427 1548 tionibus
442 1524 461 1552 ‚
485 1471 600 1540 vta.
625 1485 812 1539 Horat.
829 1486 926 1538 lib.
946 1485 1001 1550 1,
1019 1501 1113 1541 sat.
1126 1491 1174 1548 4·

186 1566 326 1618 Plin.
359 1566 466 1618 lib.
487 1566 634 1618 VIII
654 1603 673 1630 ‚
697 1565 858 1637 epist.
903 1584 990 1618 21.
1019 1565 1170 1618 Tull.

186 1645 299 1698 Cic.
319 1643 392 1698 ad
411 1646 526 1699 Att.
554 1645 650 1698 lib.
669 1647 781 1698 XII
798 1683 816 1711 ‚
838 1645 990 1717 epist.
1013 1651 1063 1708 4.
1086 1645 1167 1700 De

187 1725 424 1796 publicis
457 1726 906 1790 recitationibus,
927 1725 1038 1780 vid.
1066 1727 1166 1778 Ju-

187 1806 456 1872 venalem‚
469 1808 940 1874 sat.VII,Quintil.
957 1807 1025 1862 de
1039 1807 1170 1862 Ora-

190 1897 328 1950 tore,
352 1893 821 1954 eto.—-Pexusque
850 1889 1064 1958 togdque
1091 1908 1171 1940 re·

188 1959 327 2016 cent'i.
352 1965 658 2020 Recitaturi
681 1967 957 2038 elegantiae
983 1964 1170 2020 stude·

187 2043 333 2104 bant.
373 2044 552 2098 Moris
587 2046 774 2119 itaque
811 2047 948 2112 fuit,
973 2062 1038 2102 ut
1068 2047 1170 2102 loti

186 2123 478 2196 prodirent
489 2163 508 2191 ,
521 2129 657 2197 pexa
671 2129 824 2180 coma
837 2164 854 2191 ,
873 2139 1039 2199 atque
1052 2127 1175 2181 bar·

183 2203 280 2271 ba,
301 2219 358 2259 et
389 2204 669 2258 candidati
693 2225 706 2256 ε
733 2207 984 2278 nihilque
1007 2209 1167 2262 omit·-

179 2285 366 2341 terent
382 2325 401 2353 ,
429 2286 585 2361 quod
617 2287 855 2360 aliquam
890 2288 1020 2361 ipsis
1046 2309 1166 2362 gra-

187 2366 312 2420 tiam
341 2380 400 2421 et
427 2367 961 2424 commendationem
985 2385 1166 2443 posset

187 2448 495 2501 conciliare.
530 2449 594 2502 C.

261 2531 342 2580 16.
369 2528 680 2579 Numida...
698 2548 809 2580 cum
831 2532 1168 2601 sardonyche]

185 2606 266 2660 De
303 2607 646 2681 sardonyche
664 2646 681 2674 ‚
715 2608 826 2662 vid.
865 2609 934 2664 ad
966 2612 998 2663 J
1005 2630 1167 2666 uven.

187 2701 281 2741 sat.
299 2690 417 2754 VI,
439 2710 493 2745 v.
513 2690 648 2759 3823
671 2689 783 2743 VII
798 2728 816 2757 ,
842 2697 973 2759 1443
992 2692 1168 2758 XIII,

191 2770 310 2839 139.
323 2770 670 2823 -Ναεαὶἰιίἄ,
681 2771 864 2837 Quam
883 2770 974 2825 die
989 2774 1170 2838 natali,

186 2848 332 2903 inter
374 2850 476 2903 alia
523 2867 750 2905 munera
771 2891 787 2918 ,
832 2854 1170 2909 missitabant

174 2927 346 2981 amici
379 2941 438 2983 et
465 2930 721 2997 clientes,
752 2951 1028 3005 quamque
1055 2954 1170 2987 non

186 3009 291 3062 nisi
314 3010 373 3061 in
392 3010 728 3065 solemnibus
745 3030 1014 3069 assumere
1034 3017 1170 3069 sole·

183 3086 340 3143 bant.
367 3088 551 3143 Plaut.
574 3090 632 3142 in
656 3092 919 3145 Curculio
943 3113 956 3144 ε

1247 926 1334 974 nic
1361 936 1433 974 est
1458 927 1659 974 annulus
1674 960 1689 988 ,
1714 944 1853 992 quem
1882 945 1971 994 ego
1999 930 2087 978 tibi
2115 933 2225 980 misi

1372 999 1521 1045 natali
1536 999 1632 1046 die.

1247 1115 1322 1126 —-
1334 1085 1507 1138 Albus.
1521 1083 1872 1141 Candidatus.
1888 1087 1972 1143 Ita
1990 1089 2095 1144 erit
2110 1088 2224 1144 dic-

1249 1177 1371 1220 tum
1386 1205 1405 1234 ‚
1434 1167 1649 1236 togdque
1666 1172 1862 1220 recenti.
1875 1207 1887 1219 .
1900 1207 1913 1220 .
1930 1207 1943 1220 .
1960 1175 2121 1224 albus.

1322 1275 1404 1328 17.
1424 1261 1548 1310 Sede
1565 1261 1693 1326 leges
1706 1258 1873 1330 celsa]
1898 1260 2125 1313 Veteres
2145 1261 2229 1314 di·

1247 1336 1444 1390 cebant
1468 1349 1583 1390 stan
1592 1349 1668 1390 tes
1683 1373 1701 1403 ‚
1720 1331 2020 1392 recitabant
2038 1338 2227 1394 seden-

1250 1428 1348 1468 tes.
1371 1415 1515 1468 Plin.
1540 1417 1635 1470 lib.
1656 1416 1737 1468 VI
1752 1454 1769 1481 ‚
1791 1418 1948 1488 epist.
1970 1423 2022 1470 6.
2044 1423 2229 1472 dicenti

1251 1499 1376 1548 mihi
1405 1499 1607 1548 sollicite
1644 1500 1853 1558 assistit,
1886 1503 2067 1550 assidet
2095 1503 2223 1552 reci·

1253 1578 1395 1626 tanti.
1421 1575 1695 1629 Sedebant
1730 1577 1934 1648 igitur,
1964 1579 2063 1650 qui
2086 1579 2226 1632 reci·

1247 1655 1433 1708 tabant
1448 1659 1560 1706 sede
1574 1655 1731 1718 celsa,
1757 1675 1919 1729 quam
1940 1659 2224 1729 pulpitum

1246 1735 1542 1800 vocabant,
1562 1733 1857 1808 aliquando
1885 1755 2110 1810 quoque
2138 1757 2225 1791 ca-

1245 1813 1517 1890 thedram.
1540 1816 1666 1869 Juv.
1690 1815 1805 1868 VII
1823 1854 1840 1881 ‚
1867 1823 1933 1886 47
1965 1831 2019 1870 et
2047 1814 2134 1885 93.
2152 1847 2225 1858 —-

1248 1898 1461 1963 Liquido
1502 1916 1615 1948 cum
1646 1901 1889 1963 plasmate
1918 1915 1935 1946 .·
1972 1897 2221 1952 Πλάττειν

1250 1978 1407 2048 φωνὴν
1428 1976 1633 2030 dicitur
1648 1978 1975 2048 phonascus,
1996 1977 2095 2047 qui
2111 1989 2223 2030 arte

1249 2075 1441 2110 vocem
1462 2056 1683 2128 corrigit
1699 2090 1716 2119 ‚
1740 2068 1796 2109 et
1816 2057 2015 2110 format
2032 2056 2089 2108 in
2113 2075 2223 2110 me-

1248 2137 1386 2190 lius:
1411 2136 1542 2190 inde
1566 2136 1879 2208 πλάσματα,
1902 2134 2143 2189 remedia
2162 2137 2224 2189 in

1247 2235 1365 2270 eam
1384 2235 1501 2270 rem
1517 2254 1534 2283 ‚
1552 2229 1607 2270 et
1632 2216 1808 2278 πλέοις
1834 2221 1989 2286 φωνῆς
2006 2253 2019 2274 ,
2044 2235 2104 2269 ac
2124 2235 2224 2270 vo·-

1245 2316 1332 2351 ces
1352 2297 1723 2365 πεπλασμέναι,
1741 2294 1911 2351 modo
1929 2297 1986 2347 in
2001 2295 2222 2362 bonam3

1245 2376 1415 2431 modo
1433 2378 1489 2430 in
1512 2377 1705 2429 malam
1722 2390 1931 2449 partem
1952 2376 2227 2447 accipiun-

1249 2470 1359 2511 tur.
1409 2456 1685 2510 Plutarch.
1734 2456 1791 2509 in
1840 2456 2104 2511 Cicerone
2135 2477 2148 2507 :
2187 2458 2219 2514 ἡ

1249 2539 1378 2609 φωνὴ
1413 2538 1567 2593 πολλὴ
1596 2536 1679 2589 καὶ
1718 2537 1877 2607 ἀγαθὴ
1897 2574 1914 2602 ,
1942 2536 2129 2608 σκληρὰ
2161 2532 2227 2589 δὲ·

1247 2619 1335 2672 καὶ
1367 2617 1611 2678 ἄπλαςος.
1649 2614 1862 2669 Deinde
1879 2651 1896 2679 ,
1928 2616 1960 2671 ἦ
1996 2635 2053 2669 τε
2091 2616 2223 2686 φωνὴ

1244 2695 1571 2770 λαμὸάνουσα
1626 2698 1826 2749 πλάσιν.
1856 2725 1930 2734 -—
1953 2696 2227 2761 Liquidum

1239 2778 1456 2843 plasma.
1480 2766 1619 2847 ’Υγρὸν
1652 2788 1707 2827 et
1734 2776 1984 2847 ὖγραῖνον,
2002 2775 2089 2828 vel
2120 2794 2223 2847 po.-

1250 2856 1357 2909 tins
1374 2893 1391 2919 ,
1410 2860 1647 2919 λειοιῖνονς
1670 2867 1749 2907 est
1766 2853 1913 2907 enim
1934 2853 2004 2907 de
2026 2872 2233 2925 genere

1251 2954 1443 2989 eorum
1493 2934 2017 2987 medicamentorum
2042 2971 2057 2998 .,
2101 2952 2224 3005 qun

1249 3013 1485 3068 λεαντικὰ
1504 3013 1677 3067 Graeci
1703 3026 1901 3065 vocant
1920 3010 2137 3067 medici.
2154 3013 2219 3067 C.

1330 3096 1413 3147 18.
1444 3096 1625 3165 Mobile
1655 3093 1921 3163 (guttur)
1949 3094 2224 3161 collum-ia]

253 3272 321 3317 V.
349 3286 372 3317 1
383 3285 433 3330 7.
457 3269 579 3317 Sede
597 3270 724 3335 leges
743 3268 884 3320 celsd.
903 3273 1222 3324 Multi-codd.
1247 3283 1296 3323 et
1314 3272 1623 3338 antiquiores
1642 3270 1831 3320 habent
1850 3272 2014 3336 legens
2027 3307 2042 3328 ,
2066 3272 2192 3321 forte
2204 3307 2222 3332 ,

187 3357 247 3397 ut
261 3350 334 3396 ait
352 3349 682 3402 casaubonus
696 3385 710 3409 ‚
732 3372 753 3395 «κ
771 3352 925 3400 simili
943 3370 1134 3413 errore,
1157 3365 1216 3403 nt
1243 3354 1360 3403 cum
1381 3352 1603 3417 quotiens
1614 3388 1631 3411 ,
1660 3350 1857 3409 totiens,
1875 3362 1923 3399 et
1950 3352 2045 3407 alia
2064 3353 2223 3420 scrip-
2313 3367 2317 3374 ·

189 3452 212 3473 ιι
229 3441 404 3478 serunt
419 3438 516 3495 pro
538 3431 728 3494 quoties
739 3466 757 3489 ,
783 3432 932 3487 octies.
950 3454 974 3476 ι
1001 3438 1112 3483 vet.
1133 3434 1288 3483 schol.
1318 3434 1515 3483 Pithoei
1540 3432 1693 3481 habet
1722 3450 1926 3497 quoque
1952 3432 2127 3498 legens.
2152 3436 2223 3481 As

189 3512 312 3559 male
329 3510 510 3559 flueret
530 3512 696 3560 oratio
717 3527 835 3560 cum
861 3513 958 3561 ista
985 3513 1203 3563 lectione
1217 3548 1234 3573 ,
1255 3523 1305 3563 et
1331 3530 1509 3563 manca
1536 3522 1662 3569 esset
1677 3513 1897 3579 phrasin
1917 3523 2225 3577 quapropter

189 3590 312 3657 leges
329 3606 444 3639 rece
453 3592 638 3655 pimus.

253 3681 320 3727 V·
348 3680 428 3727 18.
451 3677 700 3729 collueris.
718 3678 938 3743 Quidam
959 3680 1104 3731 eodd.
1126 3679 1314 3729 habent
1333 3680 1568 3729 calluerit.
1584 3680 1652 3727 At
1672 3679 1799 3727 male
1812 3680 1827 3739 ',
1840 3688 1891 3727 et
1911 3679 2018 3727 sine
2038 3693 2191 3727 sensu
2202 3696 2218 3739 ς

187 3756 284 3805 nisi
303 3772 460 3822 snpra
479 3756 658 3821 legeris
677 3758 832 3823 leget,
851 3776 946 3824 pro
973 3761 1161 3825 legens,
1181 3760 1259 3808 vel
1281 3760 1433 3824 leges,
1457 3769 1513 3807 ut
1541 3759 1857 3807 Britannicus
1874 3792 1889 3817 ,
1906 3758 1987 3807 Jo.
2008 3756 2225 3821 Baptista

189 3836 304 3884 Pius
321 3870 338 3894 ‚
359 3836 678 3886 Mun-mellina
693 3871 708 3897 ‚
727 3839 900 3887 Aelius
922 3841 1178 3889 Antonius
1200 3838 1564 3897 Nebrissensis,
1586 3849 1636 3886 et
1664 3838 1765 3885 alii.
1787 3839 1848 3885 In
1874 3846 2055 3884 nostro
2070 3852 2223 3886 sensu

189 3925 457 3982 nostraque
475 3930 808 3981 personarum
838 3919 1161 3969 distinctione
1189 3928 1429 3984 praestant
1446 3918 1574 3984 leges
1588 3951 1606 3978 ‚
1634 3926 1683 3965 et
1707 3917 1835 3966 insta
1853 3916 2090 3965 callactis.
2106 3918 2226 3967 Non

177 3997 314 4061 ‘male
337 3998 456 4048 cod.
479 3998 702 4049 colbert.
729 3988 779 4048 1‘1
793 4033 810 4060 ‚
837 4010 888 4049 et
913 4000 1024 4051 cod.
1053 4012 1252 4061 noster,
1275 4016 1389 4066 sup.
1406 3999 1603 4065 legens,
1626 4007 1677 4046 et
1700 3996 1801 4046 hoc
1828 3996 1943 4046 loco
1956 4032 1971 4059 ,
1991 3998 2225 4047 muueris.
