2775 4619
576 389 655 453 16

1099 383 1181 446 A.
1236 377 1612 443 PERsu
1671 341 2084 442 FLAccl'

657 509 819 591 Hic,
846 527 1058 594 neque
1086 526 1267 570 more
1293 501 1505 592 probo
1530 499 1781 583 videas,
1809 523 2026 589 neque
2047 523 2202 566 voce
2224 503 2446 568 serena

600 609 608 622 ⁸
659 626 961 713 Ingentes
985 618 1309 708 trepidare
1334 617 1518 682 Titos
1534 664 1553 697 ,
1579 620 1728 680 cum
1755 617 2040 680 carmina
2065 616 2368 681 lumbum
2528 645 2588 680 ιο

660 742 949 820 Intrant‚
974 751 1039 799 et
1065 733 1345 798 tremulo
1372 733 1748 820 scalpuntur
1776 731 1892 794 ubi
1927 731 2158 795 intima
2183 754 2393 800 versu.

572 952 817 1007 colluere,
834 945 1009 1000 Groec.
1026 945 1330 1017 γαργαρὶζειν
1352 955 1408 996 et
1427 945 1543 996 ἀνα-

1620 960 1838 994 morum
1855 942 2167 1014 corruptela
2177 941 2533 1006 invaluerant
2543 958 2595 998 et

566 1031 917 1103 γαργαρίζιινς
951 1026 1101 1081 unde
1134 1025 1277 1078 Galli
1309 1022 1505 1076 dicunt
1524 1060 1541 1087 ,
1606 1023 1678 1082 ,in
1707 1042 1806 1076 usu
1836 1023 2275 1094 frequentissimo
2300 1038 2591 1089 venerant,

564 1110 862 1178 gargariser.
851 1113 1159 1158 .--·1²aeranc1
1152 1104 1366 1171 fractus
1376 1106 1544 1153 ocello.

570 1188 786 1242 Oculis
772 1206 829 1238 in
843 1185 1111 1238 lasciviam
1123 1182 1396 1246 resolutis,
1413 1201 1547 1254 qua·
1581 1205 1586 1210 -

566 1271 645 1322 les
669 1281 823 1326 sunt,
844 1268 942 1339 qui
973 1266 1290 1336 κεκλασμέναι
1314 1265 1545 1328 Graecis,

570 1346 797 1400 Horatio
826 1348 955 1396 oculi
976 1357 1176 1411 putres,
1203 1341 1296 1394 od.
1325 1341 1454 1393 libr.
1486 1343 1545 1406 I,

572 1428 656 1480 36.
673 1428 705 1479 J
710 1425 923 1480 uvenali
938 1428 1069 1476 oculi
1086 1425 1253 1494 infine
1272 1437 1545 1484 trementes,

571 1521 671 1560 sat.
697 1507 811 1560 VII
829 1544 849 1571 ,
873 1512 993 1568 πάι.
1025 1503 1103 1555 Ea
1134 1503 1280 1554 enim
1310 1513 1546 1573 tempes-

572 1601 699 1651 tate,
715 1599 768 1639 et
788 1603 915 1648 vox,
930 1597 985 1636 et
1004 1581 1172 1644 oculi,
1184 1594 1239 1634 et
1260 1593 1412 1635 totus
1423 1581 1542 1633 vul·

570 1681 690 1733 tus,
718 1680 783 1719 ut
810 1685 935 1719 cum
960 1662 1269 1716 effeminata
1298 1662 1546 1714 oratione

569 1757 956 1820 congruerent,
976 1741 1161 1796 studio
1178 1740 1248 1794 ad
1262 1740 1547 1793 mollitiem

568 1843 625 1882 et
658 1829 928 1882 lasciviam
968 1823 1455 1895 componebantur.
1474 1853 1547 1862 --

568 1911 817 1962 Patr-anti.
856 1909 984 1959 Vet.
1026 1903 1209 1956 Schol.
1255 1928 1276 1949 ι
1306 1900 1544 1955 Patratio

573 2017 596 2038 ι
621 2003 701 2043 est
727 1988 808 2041 rc'i
834 1989 1093 2039 Venereae
1128 1983 1399 2054 perfectio
1417 2019 1433 2046 ,
1460 1980 1548 2035 vel

574 2097 598 2118 ι
620 2067 1031 2124 consummatio.
1069 2063 1231 2117 Unde
1276 2076 1331 2116 ct
1368 2075 1548 2134 patres

573 2178 596 2199 ι
621 2151 756 2204 dicti
772 2188 789 2215 ‚
813 2167 878 2201 eo
904 2144 1056 2218 quod
1076 2146 1381 2216 patratione
1405 2142 1548 2196 filios

574 2258 596 2280 ι
619 2241 923 2303 procreent.
938 2253 959 2273 ι
972 2231 1264 2277 -Fractus.
1278 2223 1545 2296 Frangere

567 2313 775 2365 Latinis
806 2322 885 2362 est
916 2307 1063 2360 idem
1099 2326 1161 2358 ae
1193 2305 1542 2370 effeminare,

570 2392 745 2445 robur
775 2389 929 2443 virile
966 2388 1024 2439 in
1052 2385 1377 2437 muliebrem
1406 2384 1545 2437 mol-

569 2475 741 2525 litiem
771 2485 1147 2539 corrumpere,
1175 2466 1373 2519 Graecis
1394 2468 1541 2538 θρύπ-

572 2574 699 2618 τειν,
728 2564 782 2604 et
809 2551 1017 2610 κλάζειν.
1046 2548 1109 2599 C.

650 2651 734 2701 19.
771 2630 892 2690 me,
926 2647 1085 2695 neque
1116 2646 1251 2677 more
1273 2629 1436 2698 probo
1467 2628 1551 2676 vi·

568 2714 749 2781 deas.]
788 2710 913 2769 Ηῖσ,
948 2707 1129 2779 pergit
1174 2706 1546 2771 adversarius,

571 2813 703 2845 cum
739 2790 935 2844 talibus
962 2789 1069 2840 tuis
1104 2786 1365 2858 operibus
1386 2826 1403 2855 ,
1433 2806 1549 2838 non

573 2873 788 2930 videbis
830 2858 1078 2943 ingentes
1128 2874 1253 2921 Titos
1273 2908 1289 2929 ,
1334 2870 1548 2921 nostros

572 2957 845 3015 Romanos
864 2956 1126 3019 trepidare,
1138 2948 1402 3023 plaudere
1417 2970 1550 3001 more

564 3039 725 3101 probo
736 3036 883 3098 (dela
901 3036 1021 3083 belle
1039 3033 1280 3095 muniere)
1290 3068 1303 3088 ‚
1318 3050 1408 3081 nee
1422 3050 1550 3081 voce

569 3114 761 3172 set-end,
772 3130 873 3164 nec
887 3111 1218 3163 unanimiter
1230 3122 1281 3163 et
1294 3108 1549 3164 distincte

573 3182 863 3249 acclamare
890 3211 902 3242 :
949 3200 1107 3261 σοφῶς
1129 3228 1142 3249 ,
1184 3192 1318 3251 θείως
1339 3229 1355 3255 ,
1400 3192 1550 3247 bene,

573 3268 733 3332 recte,
764 3275 989 3322 decentet·
1007 3276 1027 3319 !
1056 3269 1226 3323 veluti
1255 3266 1548 3338 (subaudi-

548 3355 553 3359 ’
576 3352 700 3423 t'ur)
731 3355 857 3405 cum
896 3349 1235 3403 molliuscula
1276 3350 1545 3410 carmina,

576 3449 681 3489 etc.
698 3438 955 3506 —Neque
993 3452 1127 3482 more
1149 3435 1328 3504 probo.
1356 3431 1548 3482 Poetas

572 3516 862 3569 recitantes
876 3531 988 3564 non
1005 3512 1188 3563 minus
1207 3509 1448 3579 turpiter
1459 3525 1551 3560 au-

577 3596 831 3657 diebant,
856 3596 1019 3663 quam
1040 3591 1142 3661 ipsi
1166 3589 1307 3641 foede
1328 3606 1391 3639 ac
1415 3586 1552 3638 mol·

573 3675 701 3727 liter
720 3686 775 3725 et
794 3670 1127 3731 scribebant,
1146 3682 1199 3720 et
1220 3666 1551 3739 pronuncia-

575 3754 728 3805 bant.
751 3754 945 3823 Itaque
967 3748 1169 3801 similes
1188 3746 1458 3799 habehant
1479 3747 1552 3797 la-

576 3833 675 3885 bra
703 3833 962 3891 lactucas,
982 3841 1206 3899 eratque
1226 3819 1552 3897 operculum

572 3912 769 3983 patella
783 3911 1175 3983 dignissimum.
1188 3908 1325 3973 Quae
1338 3906 1550 3977 putidae

576 3992 1017 4054 acclamationes,
1050 3990 1185 4045 adeo
1231 3988 1448 4044 luxuria
1493 4001 1548 4042 et

1623 1101 1860 1174 ideoque
1881 1107 2058 1170 probae
2092 1103 2447 1171 dicebantur3
2479 1118 2533 1158 et
2567 1125 2594 1157 a

1625 1183 1983 1255 scriptoribus
2005 1202 2355 1277 summopere
2381 1201 2592 1258 expete-

1622 1263 1828 1316 bantur
1846 1302 1860 1326 ,
1879 1277 1934 1316 et
1961 1280 2074 1316 non
2109 1263 2212 1316 nisi
2237 1265 2302 1317 iis
2328 1265 2593 1320 concede·

1623 1343 1859 1406 bantur,
1887 1361 2125 1414 quorum
2153 1362 2319 1414 opera
2346 1347 2600 1396 intrabant

1622 1427 1846 1475 lumbum
1867 1461 1886 1482 ‚
1931 1422 2112 1476 sedem
2164 1425 2460 1496 voluptatis
2483 1466 2499 1492 ,
2544 1439 2600 1479 et

1622 1507 1933 1572 sculpebant,
1953 1505 2246 1558 titillabant
2269 1510 2442 1557 intima
2461 1527 2597 1578 prae-

1625 1583 1810 1636 cordia
1828 1621 1844 1648 ,
1867 1604 2016 1635 versu
2051 1590 2285 1648 tremulo,
2315 1587 2514 1640 lascivo
2547 1601 2600 1641 et

1627 1665 1882 1717 obscoeno
1910 1682 1923 1714 t
1962 1664 2111 1717 unde
2143 1665 2598 1726 adversarius.in·

1627 1745 1751 1798 nuit
1773 1752 1988 1817 poctae,
2013 1747 2196 1799 satiras
2223 1765 2341 1800 suas
2370 1767 2484 1800 non
2516 1767 2597 1800 eas

1626 1845 1738 1878 esse
1757 1866 1774 1893 ‚
1797 1845 1920 1898 quae
1953 1827 2113 1880 talem
2138 1827 2294 1899 ,apud
2324 1829 2600 1899 populum

1625 1919 1838 1959 motum
1873 1925 1934 1959 ac
1970 1907 2224 1978 plausum
2261 1907 2601 1960 excitent.—

1633 1991 1760 2037 γοα·
1772 1987 1965 2052 serenti.
1993 1987 2048 2039 Si
2072 1987 2295 2059 plausus
2319 1989 2601 2042 unanimes

1626 2065 1804 2132 fiunt,
1838 2079 1892 2120 et
1926 2087 2060 2121 voce
2101 2073 2287 2122 serena
2327 2067 2602 2121 dec-laran-

1627 2159 1720 2199 tur
1737 2186 1753 2213 ,
1776 2160 1830 2200 et
1851 2148 2139 2219 perspicue
2160 2147 2498 2214 audiuntur3
2521 2149 2600 2200 sin

1623 2241 1802 2281 autem
1847 2227 2122 2282 discordes
2167 2242 2221 2282 et
2267 2230 2325 2280 in
2368 2228 2612 2294 diversas

1623 2323 1802 2380 partes
1845 2308 2088 2363 distracti
2117 2349 2134 2375 ,
2183 2328 2311 2363 cum
2353 2312 2602 2364 tumultu

1624 2388 1987 2461 quidem,sed
2011 2392 2272 2451 obscure,
2296 2402 2352 2443 et
2377 2392 2604 2443 fremitu

1627 2489 1789 2524 voces
1825 2471 2168 2535 audiuntur3
2207 2470 2362 2543 quod
2408 2467 2607 2524 accidit

1627 2554 1926 2623 praesertim
1951 2553 2007 2603 in
2034 2553 2278 2613 theatro,
2305 2562 2358 2602 et
2395 2553 2603 2623 magnis

1628 2632 1965 2704 populorum
1983 2630 2353 2686 conventibus.
2371 2630 2438 2683 C.
2463 2645 2520 2685 et
2539 2635 2601 2684 A

1703 2731 1784 2764 ao.
1799 2714 2072 2779 fflpidare.
2077 2715 2096 2779 ]
2115 2710 2352 2763 Fortiter
2364 2711 2604 2782 pedibus

1627 2804 1682 2845 et
1703 2791 1950 2844 manibus
1969 2789 2249 2863 plaudere.
2252 2794 2472 2843 -Ὶῖτοε,
2487 2792 2606 2844 Titi

1627 2884 1756 2925 sunt
1806 2869 2036 2923 Romani
2055 2910 2070 2934 ,
2112 2870 2210 2942 qui
2261 2872 2604 2943 praenomine

1627 2952 1744 3027 isto,
1759 2950 1914 3003 valde
1947 2950 2286 3023 gaudebant,
2311 2964 2365 3003 et
2393 2951 2470 3003 sic
2497 2952 2606 3004 hoc

1626 3035 1750 3087 loco
1774 3028 2135 3087 denotantur}
2159 3032 2231 3085 ita
2257 3050 2482 3103 quoque
2503 3070 2520 3096 ,
2546 3034 2608 3083 in

1629 3115 1784 3168 satira
1818 3116 2011 3187 quinta
2030 3153 2046 3179 ,
2074 3120 2300 3173 Marcus,
2327 3130 2434 3183 pro
2471 3113 2606 3165 civis

1627 3196 1924 3247 Romanus.
1958 3196 2113 3246 Inter
2141 3192 2481 3264 praenomina
2506 3193 2608 3244 ho-

1627 3275 1924 3326 nestissima
1951 3285 2105 3326 erant
2139 3278 2336 3323 Marcus
2361 3283 2417 3324 et
2451 3276 2606 3325 Titus.

1625 3358 1962 3405 -Lumbum
1999 3354 2112 3419 Qui
2151 3364 2230 3405 est
2255 3353 2422 3424 vulgo
2452 3353 2608 3406 sedes

1626 3435 1943 3506 voluptatis.
1968 3432 2097 3486 vid.
2122 3435 2156 3487 J
2161 3450 2318 3487 uven.
2356 3442 2455 3484 sat.
2485 3434 2570 3487 vl
2590 3472 2607 3497 ,

1628 3532 1680 3568 v.
1704 3515 1826 3577 314.
1855 3514 1918 3566 P.
2367 3534 2382 3545 ·

1702 3616 1730 3648 2
1741 3614 1783 3647 1.
1806 3597 2102 3663 Scalpuntur
2117 3596 2203 3644 ubi
2217 3594 2394 3643 intima
2409 3612 2577 3645 versu.
2588 3597 2607 3661 ]

1629 3677 1910 3748 Scalpere,
1931 3692 2070 3746 saepe
2091 3674 2342 3725 obscoena
2359 3672 2609 3765 notione,

1633 3772 1696 3811 ut
1717 3777 1746 3809 a
1789 3757 1863 3810 ud
1889 3757 2104 3810 Graecos
2129 3756 2252 3818 ξύειν
2271 3789 2288 3815 ,
2316 3766 2370 3805 et
2391 3738 2606 3819 κννῖθεινς

1629 3829 1736 3881 hoc
1747 3777 1920 3891 ῗοοο,
1951 3826 2200 3889 titillare,
2219 3824 2474 3877 molliter
2506 3843 2607 3895 pe-

1629 3920 1844 3960 netrare
1865 3944 1882 3971 ,
1921 3905 2061 3959 Gall.
2101 3906 2408 3954 chatouiller.
2426 3934 2501 3945 -—
2515 3904 2608 3955 In·

1629 3991 1765 4041 eima.
1782 3986 1922 4041 Sunt
1941 3987 1992 4041 αἱ
2013 3986 2185 4057 ὁρέξείς
2197 4027 2212 4052 ,
2230 4000 2281 4035 ec
2287 4004 2413 4053 pars
2423 3988 2564 4037 am’m
2573 3988 2609 4045 i,
