2775 4619
939 316 1332 412 sAT1nA
1398 346 1476 413 v,

2112 378 2234 441 119

284 470 422 535 Ore
450 469 603 535 teris
629 468 890 535 modico
908 518 927 551 ,
954 470 1266 561 pallentes
1301 472 1529 538 radere
1557 496 1769 539 mores
2176 487 2236 539 15

283 585 575 669 Doctus,
599 602 663 651 et
689 586 976 675 ingenuo
1009 587 1274 677 culpam
1305 586 1585 678 defigere
1612 587 1793 653 ludo.

282 700 468 764 Hinc
495 700 676 765 trahe
703 724 848 789 quae
871 700 1078 786 dicas,
1107 724 1491 791 mensasque
1517 704 1813 792 relinque
1840 704 2131 793 Mycenis
2150 755 2169 786 ‚

283 816 460 879 Cum
485 816 694 904 capite
719 832 784 881 et
807 815 1082 906 pedibus
1099 864 1118 899 ‚
1145 817 1531 909 Plebeiaque
1555 818 1833 907 prandia
1858 820 2057 884 noris,
2180 900 2183 908 Ι

188 1028 503 1093 juncturam,
515 1027 714 1077 virilem
719 1039 909 1093 pumat
919 1023 1180 1092 astartem,

199 1124 312 1171 quae
343 1116 521 1155 aufem
553 1109 890 1171 inaequalitate
911 1110 1178 1173 percutiat.

200 1183 370 1255 Epist.
383 1185 585 1237 CXIV.
601 1182 833 1250 Ibidem,
849 1186 1183 1239 contrarium

200 1263 421 1317 damnat
451 1266 652 1319 vitium
689 1284 912 1333 eorum,
943 1286 1183 1338 quorum

201 1348 530 1417 compositio
551 1361 666 1401 erat
683 1347 1004 1401 modulatio,
1031 1351 1183 1401 Inter

203 1442 516 1500 utramque,
538 1442 652 1481 erat
669 1430 760 1482 illa
777 1432 1028 1501 junctura
1049 1430 1183 1481 acris

205 1526 320 1579 quae
333 1509 428 1561 hic
442 1510 860 1563 commendatur
873 1530 902 1561 a
917 1511 1114 1563 Persio.
1126 1510 1184 1563 C.

276 1590 359 1642 15.
413 1596 514 1641 Ore
561 1596 677 1642 teris
717 1592 951 1662 modica]
1001 1589 1184 1643 Tertia

199 1668 314 1722 laus
335 1670 402 1722 ab
424 1671 736 1723 elocutione
761 1672 1064 1735 concinna,
1089 1688 1184 1721 ne·

208 1769 311 1821 que
335 1750 541 1803 humili
561 1752 722 1804 nimis
741 1790 757 1815 ‚
777 1770 956 1825 neque
978 1750 1180 1803 inflata.

205 1828 408 1883 Eadem
449 1832 567 1884 haec
586 1870 602 1898 ‚
642 1832 826 1907 inquit
847 1872 862 1897 ,
905 1831 1183 1895 modeste,

207 1924 389 1964 ornate
438 1923 624 1965 tamen
678 1911 879 1985 digesta
906 1952 925 1979 ‚
965 1925 1019 1964 et
1063 1923 1185 1983 apte

208 1992 538 2064 composita,
570 2012 665 2045 ore
701 1992 919 2045 modico
937 2030 954 2057 ,
984 1990 1042 2043 id
1070 2004 1147 2043 est
1166 2029 1183 2056 ,

207 2070 316 2123 sine
344 2073 692 2125 affectatione
723 2072 1008 2145 eloqueris.
1035 2070 1185 2123 C.-

208 2155 443 2203 Pallentes
475 2156 654 2203 radere
689 2172 843 2204 mores
876 2156 1062 2204 doctus.
1097 2152 1183 2203 En

206 2232 678 2328 praeclarissimum
715 2233 952 2326 elogium
981 2272 998 2298 ,
1033 2230 1186 2303 quod

209 2299 490 2368 53ῑίιᾶιὶιᾶ
516 2314 768 2386 scriptori
790 2315 960 2386 possit
979 2311 1149 2366 tribui
1167 2347 1184 2375 ,

209 2394 445 2460 scilicet,
477 2399 648 2446 doctus
677 2399 852 2447 radere
885 2416 1049 2446 mores·
1065 2400 1189 2463 pal-

209 2475 350 2526 lentes
363 2513 382 2535 ,
413 2489 467 2525 et
500 2477 712 2543 ingenuo
747 2480 944 2543 culpam
975 2479 1187 2548 defigere

211 2557 332 2604 ludo.
347 2555 432 2607 Ita
453 2571 680 2626 quoque
695 2554 808 2608 duo
827 2569 955 2608 sunt
968 2559 1186 2612 satirico

212 2631 396 2688 danda.
447 2635 502 2688 1⁰
537 2639 728 2686 Radere
755 2675 772 2697 ‚
815 2655 927 2689 non
971 2649 1188 2692 tantum

212 2714 638 2786 reprehendere;
673 2715 770 2769 sed
801 2731 856 2773 et
885 2719 1188 2790 exagitare,

210 2793 466 2849 radicitus
494 2796 726 2850 evellere
749 2818 906 2849 mores
913 2803 1160 2865 pallentes
1175 2840 1190 2861 ,

213 2875 373 2927 scelus
410 2914 427 2940 ‚
477 2874 714 2948 ideoque
759 2877 1046 2932 scelestum
1091 2881 1190 2952 qui

213 2954 366 3026 culpa
388 2955 668 3027 pallescit;
699 2959 750 3007 2⁰
768 2960 1062 3030 proefigere‚
1089 2979 1191 3012 no-

213 3044 320 3087 tare
335 3048 552 3089 tantum
573 3039 785 3106 ingenuo
803 3042 918 3090 ludo
939 3040 1158 3112 culpam
1170 3078 1189 3106 ,

215 3117 357 3184 quasi
371 3115 610 3171 ridendo
629 3117 755 3172 vitia
769 3118 905 3171 levia
919 3117 1187 3186 indicare3

1259 1040 1315 1079 at
1353 1027 1736 1082 immisericors
1786 1028 1987 1103 flagitia
2029 1032 2241 1085 tonanti

1260 1125 1393 1161 voce
1420 1110 1693 1182 persequi.
1724 1112 1791 1162 A.

1337 1192 1421 1241 16.
1451 1192 1669 1257 Ingenuo
1695 1192 1903 1261 defigere
1930 1192 2079 1263 luda]
2110 1190 2243 1244 Sali·
2332 1190 2335 1199 ’

1257 1268 1366 1319 bus
1387 1280 1443 1320 et
1460 1270 1635 1339 jocis,
1656 1288 1749 1321 seu
1775 1270 2013 1342 colaphis
2030 1284 2240 1360 petere.
2290 1264 2297 1271 ²

1261 1347 1391 1401 Sic
1375 1368 1435 1403 ιιι
1460 1350 1617 1403 Persa
1644 1348 1905 1403 Plautus.

1267 1470 1479 1485 .....
1514 1440 1581 1484 Te
1608 1438 1747 1485 hodie
1774 1439 2010 1503 defigam
1996 1456 2048 1485 ιιι
2072 1451 2245 1488 terram

1390 1508 1615 1571 colaphis.

1341 1604 1427 1657 17.
1470 1590 1597 1638 Hinc
1637 1590 1779 1639 trahe
1812 1608 1929 1655 quae
1960 1590 2131 1661 dicas]
2174 1590 2244 1644 In

1261 1668 1545 1742 proposita
1572 1679 1667 1722 tua
1698 1667 2009 1722 studiorum
2035 1671 2245 1723 ratione

1263 1762 1464 1821 persta.
1484 1748 1747 1801 Eamdem
1774 1750 1902 1823 styli
1926 1752 2244 1821 temperiem

1263 1849 1415 1885 serva
1427 1868 1442 1893 ,
1465 1844 1519 1883 et
1538 1850 1705 1903 perge
1724 1832 1908 1883 satiras
1925 1832 2246 1905 scribere-'-

1251 1906 1553 1977 'Mensasque
1566 1915 1788 1977 relinque
1800 1914 2025 1975 Mycenis.
2035 1915 2244 1973 Mensas,

1263 1990 1491 2064 grandia
1526 1991 1858 2063 tragicorum
1898 2005 2213 2063 argumenta
2229 2030 2247 2057 ,

1266 2072 1443 2145 qualia
1472 2084 1601 2124 sunt
1626 2090 1775 2125 coena
1794 2071 2042 2145 Thyestae
2064 2072 2251 2147 Myce·

1264 2155 1350 2207 nis
1363 2158 1805 2222 actae-Relinque
1820 2158 2044 2219 Mycenis.
2058 2152 2127 2207 Id
2142 2167 2222 2207 est
2232 2192 2249 2218 ,
2291 2142 2302 2158 ³

1267 2234 1469 2287 Graecis
1496 2234 1707 2306 tragicis
1730 2235 2005 2306 permitte.
2034 2236 2102 2286 A.

1345 2319 1427 2370 18.
1443 2320 1559 2367 Cum
1573 2319 1731 2384 capite
1742 2317 2038 2388 etpedibus]
2054 2320 2251 2370 Atreus

1266 2407 1631 2450 reservaverat
1652 2407 1817 2468 caput
1835 2433 1851 2458 ‚
1871 2392 2041 2466 pedes
2067 2407 2122 2446 et
2143 2409 2253 2446 ma-

1257 2482 1370 2528 ‘nus
1394 2493 1719 2546 puerorum,
1742 2494 1879 2548 quos
1898 2487 2022 2548 post
2044 2493 2254 2526 coenam

1269 2555 1518 2631 Thyestae
1540 2558 1788 2611 exhibuit
1802 2595 1820 2622 ‚
1846 2569 1908 2608 ut
1936 2556 2096 2608 sciret
2118 2573 2253 2626 quas

1269 2650 1324 2690 et
1347 2657 1585 2710 quorum
1609 2637 1915 2694 devorasset
1936 2653 2138 2688 carnes.
2161 2633 2256 2687 Se-

1271 2737 1391 2770 nec.
1420 2718 1646 2791 Thyest.

1267 2815 1486 2865 Denudat
1516 2825 1642 2860 artus
1679 2815 1829 2872 dirus,
1852 2823 1993 2874 atque
2022 2829 2127 2860 ossa
2156 2827 2254 2860 am-

1394 2895 1529 2948 putat
1545 2904 1559 2940 3

1272 2957 1475 3005 Tantum
1494 2973 1577 3003 ora
1602 2967 1781 3014 servat,
1808 2966 1856 3003 et
1881 2955 2011 3002 datas
2032 2953 2143 3002 fidei
2158 2970 2258 3002 ma-

1392 3045 1496 3075 nus.
2121 3025 2177 3072 P:

1269 3120 1653 3185 *Plebeiaque
1667 3119 1894 3184 prandia
1916 3117 2065 3168 no'ris.
2084 3116 2131 3168 A
2149 3125 2259 3168 tam

278 3298 339 3344 V.
371 3313 393 3343 ι
406 3297 452 3345 5.
487 3296 632 3345 Ter-is.
651 3297 775 3347 Cod.
797 3298 1016 3348 Colhert.
1035 3301 1060 3348 1
1073 3334 1089 3358 ,
1109 3293 1172 3346 ιιο
1195 3299 1332 3346 8055
1342 3333 1361 3357 ‚
1381 3297 1522 3347 solus
1548 3297 1702 3346 habet
1722 3309 1858 3346 neres.
1878 3299 1956 3346 Itu
1971 3306 2024 3345 et
2046 3295 2255 3347 Casaub.
2306 3285 2310 3292 ’

215 3393 358 3439 quem
379 3379 544 3427 secuti
567 3389 689 3428 sunt
717 3379 935 3428 editores
954 3382 1264 3430 recentiores
1279 3415 1294 3440 ,
1314 3391 1363 3428 et
1386 3381 1645 3445 explicant
1659 3397 1674 3427 ε
1699 3391 1821 3428 teres
1834 3413 1853 3437 ,
1879 3379 2132 3429 rotundus
2147 3413 2161 3438 ,
2186 3378 2262 3426 fa·-

218 3461 434 3521 cundus,
458 3479 546 3510 ore
572 3462 792 3521 modico,
819 3464 927 3512 sine
964 3463 1222 3531 emphasi,
1245 3475 1294 3512 et
1325 3463 1657 3514 affectatione.
1678 3461 1965 3527 Simplicior
1991 3460 2148 3510 nohis
2175 3460 2259 3509 vi-

219 3536 356 3586 detur
367 3550 420 3588 et
437 3542 826 3590 convenientior
837 3543 980 3606 prior
998 3542 1350 3607 interpretatio
1367 3541 1501 3609 (vid.
1520 3559 1631 3608 sup.
1650 3539 1973 3604 comment.):
1990 3549 2228 3604 praeterea
2242 3572 2265 3601 2

219 3623 504 3670 auctoritate
527 3621 767 3672 codicum
795 3623 1024 3672 omnium
1047 3632 1266 3688 praestat.

283 3727 342 3774 V.
369 3743 449 3790 ¹¹7·
471 3728 634 3776 Diva-s.
661 3730 922 3778 Fauchetii
947 3729 1061 3776 cod.
1087 3728 1248 3787 dices,
1272 3729 1635 3796 Mentellianus
1649 3763 1664 3787 ,
1691 3725 1913 3784 Pithoei,
1936 3721 1999 3773 11⁰
2022 3725 2158 3787 8072
2174 3758 2191 3783 ‚
2214 3734 2265 3773 et

221 3810 310 3852 tres
327 3806 436 3866 alii,
453 3808 596 3856 dicis.
615 3809 719 3857 Alii
736 3819 786 3857 et
803 3819 998 3867 noster,
1017 3807 1166 3857 dicas.
1178 3836 1251 3846 —
1267 3811 1470 3857 Mensas.
1484 3811 1560 3856 Ve
1567 3819 1601 3855 t.
1632 3807 1746 3855 edit.
1768 3805 1989 3854 Britann.
2014 3807 2227 3852 inensam
2240 3821 2263 3861 ,·
2316 3799 2322 3804 ’

225 3885 384 3936 minus
400 3889 852 3951 benef—Mycenis.
870 3894 952 3940 Ita
969 3907 1148 3942 omues
1167 3890 1316 3941 codd.
1333 3901 1435 3942 vet.
1452 3889 1610 3939 schol.
1626 3890 1881 3950 moena-5,
1902 3903 1999 3954 pro
2020 3886 2267 3953 adjectivo

223 3965 498 4032 Mra-eneas,
525 3987 618 4022 sen
641 3974 964 4034 Mycenenses.
