2775 4619
919 397 926 402 ’
1005 395 1376 489 ·’νΙΤΑ..
1701 483 1709 488 ,
1850 485 1855 492 ,
2112 397 2237 511 xvij

189 547 470 627 planities
499 559 588 606 est
605 589 624 617 ‚
651 547 715 604 in
745 565 868 626 qua
901 545 1009 604 sita
1037 546 1224 624 ipsius
1258 557 1399 604 sunt
1434 545 1599 606 urbis
1634 547 1885 616 moenia,
1912 558 2089 626 atque
2120 561 2243 608 sta-

193 647 438 702 diorum
465 643 810 721 quindecim
841 661 1117 700 ascensus
1149 654 1256 699 est.
1283 645 1332 700 E
1361 641 1533 715 cujus
1560 643 1693 706 basi·
1710 662 1888 720 rupes
1915 655 2037 702 tota
2063 644 2243 706 ardua

192 756 380 820 atque
405 739 690 798 difficilis.
719 739 853 798 Illic
880 739 1201 816 aliquando
1243 732 1315 796 ex
1355 740 1699 818 proscriptis
1738 760 1773 796 a
1809 741 1967 818 Sylla
1992 755 2247 819 quatuor

193 839 464 897 militum
489 837 874 916 complentes.
887 836 1158 895 ordinem
1175 880 1193 908 ‚
1222 836 1463 894 hiennio
1489 856 1595 914 per
1626 836 1997 895 obsidionem
2022 839 2245 916 pressi,

195 935 444 1004 tandem
461 955 570 1013 per
587 933 854 1002 inducias
869 933 1234 992 discedentes
1251 932 1453 990 locum
1474 931 2046 1010 illum-reliquerunt.
2065 937 2249 998 Natus

155 1041 160 1046 “
199 1047 292 1092 est
333 1033 422 1092 ibi
457 1033 689 1100 Persius
709 1075 727 1103 ‚
767 1051 922 1094 anno
955 1032 1238 1109 vigesimo
1265 1030 1469 1108 ,primo
1513 1030 1763 1108 imperii,
1790 1031 2009 1094 Tiberii
2022 1075 2039 1102 ‚
2078 1034 2252 1092 tertio

201 1149 363 1188 anno
391 1141 530 1207 post
558 1127 886 1205 passionem
913 1126 1130 1185 Christi
1166 1126 1278 1184 Dei
1316 1127 1501 1194 nostri
1536 1149 1549 1183 ε
1590 1139 1860 1187 mortuus
1884 1147 2041 1186 anno
2070 1129 2253 1196 aetatis

203 1247 332 1285 suae
371 1225 676 1304 trigesimo
703 1266 720 1295 ‚
763 1243 924 1282 nono
971 1224 1206 1302 imperii
1247 1224 1495 1282 Neronis
1518 1267 1537 1294 ‚
1580 1243 1703 1300 quo
1744 1243 1897 1282 anno
1939 1225 2179 1294 thermae
2218 1246 2256 1284 a

205 1327 447 1382 Nerone
469 1322 768 1380 aedificatae
798 1333 952 1380 sunt.
981 1323 1134 1379 Ciun
1153 1321 1481 1380 litterarum
1501 1323 1676 1378 causa
1696 1324 1949 1380 Romam
1974 1325 2254 1392 venisset,

209 1441 402 1478 annos
429 1439 696 1498 egressus
724 1419 988 1498 pueritiae
1009 1461 1026 1489 ‚
1051 1419 1114 1476 in
1145 1418 1453 1496 disciplina
1479 1437 1539 1476 se
1567 1419 1807 1477 tradidit
1832 1422 2097 1480 Cornuto
2118 1421 2259 1499 phi-

211 1518 470 1598 losopho
489 1562 508 1589 ‚
540 1529 610 1574 ut
639 1518 766 1595 ipse
793 1516 1004 1575 cecinit
1029 1516 1092 1574 in
1119 1513 1326 1593 quinta‘
1353 1516 1525 1574 satira
1541 1559 1559 1587 ‚
1582 1516 1689 1575 ubi
1714 1517 1830 1574 ait:

572 1631 704 1684 Cum
728 1633 950 1700 primum
981 1631 1168 1696 pavido
1201 1641 1368 1680 custos
1398 1631 1525 1680 mihi
1548 1648 1775 1697 purpura
1800 1635 1954 1683 cessit

577 1715 823 1778 Bullaque
849 1713 1122 1764 succinctis
1148 1713 1341 1762 laribus
1369 1713 1557 1761 donata
1582 1715 1855 1780 pependit:

577 1797 664 1842 Me
695 1793 789 1841 tihi
813 1793 1090 1858 supposui:
1118 1804 1319 1842 teneros
1347 1804 1405 1856 tu
1435 1795 1648 1858 suscipis
1674 1811 1837 1842 annos

575 1874 859 1935 Socratico,
885 1877 1116 1925 Cornute
1131 1908 1148 1934 ,
1177 1875 1310 1923 sinu.

225 1982 378 2040 Eum
416 1980 650 2038 summa
677 1978 890 2056 pietate
919 1976 1107 2036 coluit
1143 1990 1202 2034 et
1241 1977 1594 2036 obedientia.
1623 1983 1780 2038 Usus
1811 1991 1902 2036 est
1924 1976 2180 2036 amicitiai
2207 1980 2269 2038 in

227 2078 436 2157 primis
483 2075 722 2133 Minutii
755 2075 1001 2132 Mam-ini
1042 2075 1298 2133 Brixiani
1317 2117 1334 2145 ‚
1375 2075 1663 2152 equestris
1704 2074 1925 2132 ordinis
1946 2119 1963 2146 ‚
1991 2076 2273 2155 principis

223 2175 367 2244 viri,
400 2171 682 2250 singulari
712 2171 1002 2228 modestia
1021 2214 1038 2241 ,
1073 2183 1132 2228 et
1161 2161 1312 2228 HGE:
1346 2183 1405 2228 et
1444 2171 1609 2229 Caesii
1644 2171 1835 2241 Bassi,
1864 2175 2053 2248 poetae
2084 2172 2273 2249 lyrici2

224 2254 431 2331 Aetate
449 2270 574 2345 jam
596 2267 829 2339 adulta,
853 2287 954 2352 sex
979 2269 1178 2327 satiras
1201 2267 1352 2325 mira
1377 2268 1648 2326 carminis
1673 2267 1985 2327 acerbitate
2006 2269 2235 2347 scripsit
2252 2314 2273 2342 .,

227 2389 363 2447 quae
385 2387 546 2425 nunc
571 2366 635 2424 in
662 2364 935 2422 manibus
961 2364 1285 2435 habentur5
1313 2365 1376 2423 in
1403 2365 1623 2442 quibus
1652 2384 1881 2421 summa
1907 2366 2033 2444 ejus
2058 2367 2278 2443 ingenii

225 2467 412 2524 virtus
440 2464 768 2534 indicatum
795 2462 954 2519 unde
977 2481 1099 2519 n-on
1124 2462 1421 2520 immerito
1442 2462 1837 2533 Quintilianus
1860 2482 1999 2519 eum
2020 2463 2279 2523 multum

227 2582 378 2621 verae
415 2559 622 2639 gloriae
657 2558 939 2616 meruisse
959 2600 976 2629 ,
1005 2558 1273 2635 quamvis
1316 2578 1439 2615 uno
1476 2554 1631 2617 libro
1655 2600 1672 2629 ‚
1707 2558 1985 2636 prodidit.
2015 2564 2162 2631 Quae
2204 2560 2279 2617 ab

227 2660 356 2719 aliis
387 2660 711 2718 traduntur
740 2654 815 2713 de
845 2653 972 2729 ejus
997 2656 1141 2726 vita,
1167 2654 1305 2726 ciim
1332 2656 1677 2713 auctoritate
1704 2670 1963 2728 careant,
1994 2658 2141 2715 mihi
2160 2676 2280 2715 non

231 2756 587 2837 probantur.
629 2752 929 2811 Tenuium
969 2772 1156 2831 opum
1194 2772 1254 2811 se
1291 2752 1471 2811 fuisse
1512 2753 1767 2812 declarat
1800 2753 1960 2813 illic:

600 2882 735 2953 Quis
763 2882 1023 2947 expedivit
1046 2881 1264 2945 psittaco
1293 2897 1445 2927 suum
1470 2868 1653 2948 χαῖρεῗ

597 2962 842 3026 Picasque
871 2960 1049 3008 docuit
1076 2960 1228 3008 verba
1251 2970 1426 3009 nostra
1454 2959 1627 3007 conari
1644 2961 1671 3006 Ρ
1720 2958 1728 2961 ’

595 3042 836 3107 Magister
863 3042 982 3091 artis
999 3078 1014 3101 ,
1042 3040 1314 3106 iugenique
1341 3042 1547 3105 largitor

597 3123 806 3171 Venter.

1081 3296 1270 3315 mm
1273 3295 1463 3315 mm

893 3456 1176 3534 VITA
1237 3417 1656 3533 PERSH

313 3656 434 3714 AB
473 3652 703 3713 ALIO
747 3650 1184 3725 AUCTORE
1229 3650 1627 3753 BREVJUS
1676 3646 2217 3708 DESCRIPTA.

322 3799 970 3896 Annusrnsms
1034 3836 1368 3891 Fnlccus
1431 3832 1621 3910 pridie
1680 3834 1875 3891 Nonas
1920 3832 2285 3906 decembris,

236 3936 432 3995 Fabio
483 3933 687 3992 Prisco
721 3975 740 4005 ‚
785 3931 972 3990 Lucio
1023 3930 1245 3989 Vitello
1304 3930 1660 3989 Consulibus
1691 3972 1708 4000 ‚
1761 3941 1933 3987 natus
1987 3944 2075 3989 est
2112 3932 2293 3990 Vola-

233 4035 414 4095 terris
461 4032 714 4106 Euunae
757 4030 1024 4111 civitate3
1065 4030 1172 4111 q'ui
1217 4050 1251 4091 a
1297 4042 1461 4111 patre
1508 4029 1706 4109 equite
1755 4027 2021 4109 pupillus
2054 4032 2291 4095 relictus

1902 4128 1942 4189 b
