2775 4619
498 303 624 369 322
929 280 1477 365 LUCILIAN'I
1542 296 2106 366 CENTONES.

575 422 1001 496 Horridulum‚
1033 422 1399 502 quandoque
1428 420 1625 501 pudor
1651 422 1726 481 de
1756 425 2225 501 pectorecessit,

578 522 860 602 Nequitia
883 529 1138 600 oecup’at
1163 519 1274 579 hos
1289 563 1306 592 ,
1333 520 1661 599 petulantia
1676 564 1693 593 ‚
1720 520 2185 602 pmdigimque.

1043 674 1054 685 ‚
1412 621 1472 675 X
1488 620 1541 675 V
1558 621 1609 676 1.

491 738 504 748 ·
583 756 1318 777 ...................
1339 727 1344 737 ·
1343 756 1639 773 ........
1672 715 1901 774 Nostris

573 816 846 875 Munifici
873 828 944 872 ut
959 857 976 885 ‚
1003 833 1336 891 munesque
1359 813 1471 871 viri
1493 812 1803 871 videamur
1821 815 2025 873 amieis
2039 859 2058 886 ‚

574 914 674 972 Ad
701 932 928 971 coenam
951 911 1243 969 adducam
1261 952 1278 981 ‚
1303 923 1366 969 et
1390 911 1652 988 primum
1677 910 1837 969 hisce
1860 911 2179 973 abdomina
2198 911 2412 993 thynni

576 1010 1029 1071 Advenientihn'
1055 1008 1220 1087 priva
1244 1008 1401 1066 dabo
1417 1052 1435 1081 ,
1462 1007 1871 1086 cephaleaque·
1890 1022 2125 1069 atarnae.

575 1112 737 1167 Dans
765 1107 966 1166 bibere
991 1106 1066 1163 ab
1097 1122 1328 1164 summo
1332 1146 1981 1165 .................

1400 1205 1462 1261 X
1474 1206 1529 1262 V
1542 1206 1572 1260 Ι
1589 1206 1637 1261 Ι.

589 1340 1087 1361 .............
1105 1328 1128 1358 ·.
1159 1302 1346 1380 Cujus
1369 1320 1497 1361 non
1520 1299 1713 1360 audeo
1740 1300 1937 1361 dicere
1960 1304 2221 1362 nomen?

577 1399 740 1472 Quid
765 1399 944 1459 refert
969 1398 1142 1457 dictis
1167 1399 1431 1477 ignoscat
1454 1400 1683 1457 Mutius
1698 1442 1717 1469 ‚
1746 1418 1821 1456 an
1844 1401 2009 1458 non?

451 1550 456 1553 .
576 1498 672 1557 Sic
697 1510 866 1555 vetus
894 1495 996 1554 ille
1027 1498 1170 1557 Cato
1197 1496 1449 1575 dignum
1472 1515 1909 1579 quemcumque
1933 1496 2199 1556 lacessim
2234 1522 2239 1527 ·

576 1594 893 1674 Appellare
913 1637 933 1666 ,
961 1592 1127 1672 quod
1153 1594 1278 1671 ipse
1305 1592 1419 1651 sibi
1448 1612 1571 1651 non
1596 1593 1867 1653 conscius
1892 1606 2062 1653 esset.

773 1714 780 1719 ·
1374 1694 1499 1749 XV
1512 1694 1542 1747 1
1558 1694 1588 1747 1
1606 1694 1657 1749 Ι.

592 1831 848 1847 .......
865 1830 888 1859 ,.
913 1830 928 1845 .
954 1832 968 1847 .
995 1830 1009 1847 .
1035 1832 1048 1845 .
1075 1831 1089 1843 .
1115 1832 1130 1845 .
1156 1831 1169 1844 .
1193 1828 1209 1845 .
1242 1787 1354 1847 Ille
1381 1787 1529 1847 alter
1546 1787 1857 1847 abundans

583 1892 736 1945 Cum
763 1898 987 1965 septem
1009 1885 1326 1943 incolumis
1345 1886 1543 1964 pinnis
1562 1885 1716 1944 redit
1740 1905 1807 1943 ac
1828 1884 2039 1964 recipit
2064 1906 2125 1945 se
2149 1908 2167 1944 ε

585 1983 945 2041 Gallinaceu’
973 2003 1083 2043 ceu
1107 1984 1298 2041 victor
1321 2003 1382 2041 se
1404 1982 1595 2061 gallus
1620 1982 1863 2043 honeste

583 2081 836 2141 Sustulit
863 2082 926 2140 in
957 2080 1173 2160 digitos
1189 2124 1205 2152 ,
1235 2081 1640 2160 primoresque
1667 2080 1837 2160 erigit
1857 2100 2106 2161 ungues.
