2775 4619
576 406 613 429 Q

576 428 704 476 000
964 412 1039 477 c,
1085 408 1489 479 LUCILII
1545 362 2176 484 FRAGMENTA

1525 542 1585 597 X
1602 541 1652 595 Ι.

648 631 929 691 Praeterea
954 644 1025 691 ut
1048 634 1262 691 nostris
1290 634 1518 693 animos
1541 636 1842 695 attendere
1865 636 2038 697 dictis
2053 680 2070 709 ‚

650 735 849 808 Atque
874 728 1151 789 adhibere
1177 731 1342 790 velis.

1500 832 1562 887 X
1579 834 1607 889 1
1625 832 1673 887 Ι.

650 922 761 992 Hic
788 942 1005 1001 corpus
1030 924 1290 983 solidum
1318 926 1580 985 invenies
1595 970 1612 998 ‚
1643 924 1742 985 hic
1768 939 1918 985 stare
1942 925 2192 1005 papillas

655 1024 898 1079 Pectore
930 1040 1279 1081 marmoreo,

1474 1122 1533 1175 X
1553 1122 1582 1177 1
1601 1124 1629 1177 1
1650 1124 1698 1177 1.

654 1214 750 1273 Sic
766 1258 782 1285 ‚
808 1216 1049 1293 inquam
1068 1257 1084 1285 ‚
1107 1228 1494 1275 veteratorem
1515 1217 1692 1277 illum
1705 1260 1722 1289 ,
1751 1216 2024 1275 vetulum
2045 1215 2278 1295 lupum.

574 1336 581 1341 ·
652 1310 1009 1369 Annibalem
1040 1324 1368 1391 acceptum.

1491 1429 1551 1484 X
1567 1430 1598 1485 I
1611 1430 1686 1483 V.

651 1525 732 1581 At
750 1488 873 1581 nun
896 1534 1033 1581 sunt
1054 1522 1274 1581 similes
1293 1565 1311 1594 ‚
1340 1542 1538 1602 neque
1559 1523 1702 1581 dant
1727 1545 1741 1581 z
1771 1523 1920 1601 quid
1937 1567 1954 1595 ,
1982 1523 2034 1582 si
2054 1522 2194 1581 dare
2215 1520 2424 1582 vellent
2437 1542 2462 1594 ς

655 1620 1089 1698 Acciperesne?
1118 1618 1287 1679 doce.
1697 1630 1704 1637 ·

1519 1721 1580 1777 X
1596 1722 1670 1775 V.

552 1887 555 1891 .
656 1815 813 1873 Cum
837 1814 1111 1886 manicis,
1138 1814 1336 1874 catulo
1359 1856 1377 1886 ,
1409 1812 1738 1893 collarique
1755 1858 1772 1886 ,
1801 1826 1874 1871 ut
1896 1813 2216 1893 fugitivum

657 1913 1002 1989 Deportem.

1508 2010 1564 2067 X
1581 2012 1637 2065 V
1653 2008 1704 2063 Ι.

658 2105 873 2177 Quiete·
894 2117 1171 2183 poscente
1198 2104 1396 2163 mimis
1411 2148 1429 2176 ,
1457 2117 1516 2163 et
1542 2104 1806 2183 praebent
1829 2104 2046 2165 rectius
2057 2102 2264 2163 *multo
2279 2146 2300 2174 ,

602 2276 611 2283 ·
656 2203 733 2267 Et
760 2201 883 2261 sine
911 2202 1150 2281 flagitio.

954 2359 958 2366 .
1473 2305 1532 2360 X
1545 2304 1599 2362 V
1612 2302 1642 2358 1
1659 2304 1709 2362 1.

658 2397 721 2456 si
740 2397 989 2454 retinere
1010 2394 1170 2454 hunc
1191 2395 1355 2454 voles
1370 2439 1387 2466 ‚
1415 2396 1471 2453 si'
1487 2397 1723 2475 longius
1746 2409 1804 2454 te
1825 2395 2279 2476 producturum,
2299 2406 2357 2453 et
2373 2393 2596 2455 diutius.

1000 2560 1005 2570 ,
1453 2497 1670 2552 xvn
1688 2497 1736 2551 1.

658 2589 912 2650 Cohibet
937 2603 997 2649 et
1028 2589 1193 2648 domi
1230 2603 1474 2652 moestus
1511 2611 1572 2650 se
1609 2591 1862 2658 Albinus
1877 2611 1896 2663 3
1928 2589 2249 2669 repudium
2282 2589 2441 2670 qued
2465 2589 2587 2648 filiae

564 2691 817 2752 -remisit.

1495 2791 1554 2846 X
1570 2789 1600 2846 1
1618 2787 1697 2844 X.

668 2925 1041 2942 ..........
1049 2885 1916 2940 ¹..............Ventrem
1947 2882 2208 2940 alienum

654 2985 937 3042 Moestum
966 2981 1163 3040 fovere
1189 2959 1265 3040 eit
1290 2981 1500 3040 molito
1527 2979 1786 3050 hordeo,
1813 2979 1904 3038 uti
1933 2979 2315 3056 cataplasmo.

663 3177 904 3233 Certum
931 3177 1052 3236 scio
1086 3195 1211 3236 esse
1242 3177 1321 3234 ita
1343 3217 1361 3248 ,
1391 3189 1461 3234 ut
1488 3175 1672 3234 dicis:
1705 3192 1844 3232 nam
1882 3174 2029 3232 mihi
2073 3185 2239 3232 erant
2277 3173 2354 3232 de
2390 3170 2486 3232 illo
2511 3192 2592 3231 ex-

586 3271 815 3354 plorata
842 3273 1061 3330 omnia.
1461 3279 1466 3284 “
1519 3257 1530 3273 “
1671 3262 1684 3286 “’

661 3481 683 3512 1
700 3480 719 3510 1
732 3496 743 3510 .
759 3458 971 3510 Nonius:
986 3459 1274 3517 Accendere,
1288 3459 1568 3518 intendere.
1725 3441 1806 3520 17'.
1841 3457 2043 3508 Nonius
2065 3473 2078 3506 ε
2105 3457 2379 3506 Producere
2391 3493 2409 3516 ,
2437 3457 2594 3506 dicitur

578 3563 587 3578 ⁰
672 3559 757 3596 xm,
800 3540 1031 3590 Nonius:
1065 3541 1231 3595 Stare,
1259 3539 1416 3606 erigi,
1445 3555 1569 3603 pro-
1647 3540 1851 3604 longius
1873 3529 2077 3586 ducere.

586 3623 794 3674 minere.
1726 3638 1748 3668 1
1761 3623 1807 3668 8.
1829 3621 2059 3669 Nonius:
2081 3621 2304 3668 Moestum
2314 3653 2331 3676 ,
2353 3619 2508 3677 triste,
2521 3618 2596 3666 mi—

661 3705 741 3750 13.
768 3701 993 3750 Nonius:
1023 3697 1257 3763 Accipere
1268 3733 1287 3757 ,
1317 3698 1566 3762 decipere.
1649 3698 2082 3748 serandum.1dem
2096 3697 2400 3755 :Remissum,
2410 3697 2595 3744 missum.
2696 3711 2697 3732 1

621 3783 629 3790 '
662 3791 745 3839 14.
774 3783 997 3830 Nonius:
1021 3783 1239 3837 Docere,
1262 3778 1444 3826 dicere.
1727 3793 1805 3843 19.
1841 3767 2042 3828 Noniae
2069 3795 2080 3824 :
2115 3779 2371 3833 Moestum,
2397 3788 2596 3825 enectum

668 3861 747 3908 15.
782 3861 1011 3908 Nonius:
1042 3861 1261 3918 Collare,
1287 3867 1363 3906 est
1380 3857 1573 3915 vinculi
1651 3861 1794 3910 fame.
1838 3860 1980 3908 Idem
1999 3875 2016 3906 :
2047 3861 2225 3908 Fovet-e
2244 3891 2263 3916 ,
2291 3867 2365 3905 est
2405 3858 2598 3913 nutrire,

592 3955 750 4010 genus
763 3974 779 3997 ‚
804 3957 908 4004 quo
934 3941 1123 3990 collum
1150 3941 1461 4006 astringitur.
1603 3978 1609 3984 .-
1649 3941 1944 4010 provehere.

590 4048 595 4054 -
669 4021 749 4068 16.
778 4021 910 4068 Non.
942 4021 1233 4087 Flagitium,
1259 4019 1568 4091 periculum.
1629 4053 1632 4058 -
1721 4034 1806 4096 3⁰·
1827 4009 2057 4070 Neuius:
2079 4013 2590 4082 Explorarefflrobare.
