2775 4619
490 508 623 573 AD
680 506 1214 574 SULPICIAE
1288 507 1756 575 SATIRAM.
1907 500 1913 507 ’
1999 510 2130 576 215

88 634 147 691 in
172 631 503 693 hominum
526 630 715 691 lustro
751 633 959 711 reponi
985 632 1159 712 digna
1176 676 1195 704 ‚
1224 632 1454 711 solique
1480 632 1690 693 Achivi
1717 632 1898 692 modo
1921 632 2140 710 huma-

88 730 295 788 nitatis
322 729 505 789 laude
530 729 752 790 censeri
780 730 1025 810 possint.

93 894 146 934 v.
170 874 285 949 41.
305 869 509 935 Nunc
528 920 549 952 ,
582 846 952 961 Capitolino
978 871 1179 935 veluti
1200 870 1510 936 turbante
1537 871 1812 938 Camillo
1829 920 1850 953 ‚
1965 938 1976 947 ,

306 970 595 1035 Ensibus
622 986 685 1035 et
715 970 963 1035 trutina
990 970 1160 1036 Galli
1187 970 1412 1061 fugere
1443 968 1666 1036 relicta
1686 1019 1706 1053 ,
1731 968 1880 1059 etc.]

168 1108 471 1169 Camillus
486 1110 643 1169 enim
662 1110 865 1170 Gallos
880 1112 943 1169 in
958 1104 1189 1191 captiv'o
1210 1130 1354 1169 auro
1378 1110 1695 1191 pendendo
1715 1110 1949 1169 deditos
1963 1122 2141 1190 atque

98 1220 425 1285 occupatos
444 1206 519 1265 de
541 1206 857 1284 improviso
878 1207 1122 1266 adortus
1138 1209 1331 1265 Roma
1350 1206 1596 1286 pepulit.
1617 1206 1793 1266 Proin
1811 1248 1829 1277 ‚
1849 1209 2137 1279 turbante,

99 1303 211 1363 hoc
262 1304 407 1364 loco
431 1348 449 1376 ‚
496 1305 765 1364 absolute
804 1307 1063 1385 positum
1116 1306 1450 1365 observabis
1475 1326 1490 1361 z
1535 1305 1618 1363 sic
1666 1305 1888 1364 Coelius
1929 1304 2005 1364 ad
2050 1310 2145 1365 M«
2189 1324 2195 1332 ·

99 1401 407 1460 Tullium:
432 1405 521 1460 M.
546 1404 841 1474 Servilius,
852 1416 1173 1480 posquam
1202 1415 1268 1459 ut
1283 1415 1544 1479 coeperat
1554 1446 1575 1474 ,
1603 1404 1664 1459 in
1687 1404 1855 1461 rebus
1877 1404 2140 1461 omnibus

102 1500 387 1557 turbarat.
420 1498 536 1558 Sed
566 1500 779 1559 clarius
802 1500 1103 1579 aliquanto
1130 1499 1373 1559 Plautus
1399 1512 1597 1560 noster
1625 1499 1896 1559 Bacchid.

465 1616 659 1666 'rm-hat
682 1634 843 1683 equus
868 1618 1032 1684 lepide
1057 1617 1257 1683 ligneus
1277 1635 1291 1666 ε

107 1734 171 1791 ει,
196 1723 425 1800 passim
462 1720 624 1781 alibi.
660 1722 853 1781 Etiam
869 1764 887 1794 ,
915 1724 1143 1780 ensibus
1181 1720 1414 1800 scripsi,
1447 1722 1644 1800 spreta
1677 1741 1880 1779 earum
1919 1719 2140 1781 editio-

105 1840 251 1877 num
297 1820 590 1899 scriptura
612 1862 631 1892 ,
674 1840 808 1899 quae
852 1821 1113 1877 lancibus
1158 1818 1377 1878 habent
1393 1862 1412 1891 ‚
1447 1831 1518 1877 ut
1557 1818 1830 1896 respiciat
1869 1818 1944 1875 ad
1989 1817 2144 1876 illud

108 1917 330 1975 scilicet
347 1958 367 1989 ‚
406 1915 606 1995 quod,
643 1918 837 1975 Roma
874 1916 1044 1995 capta
1086 1917 1161 1975 ab
1207 1916 1418 1975 iisdem
1458 1915 1790 1976 Senonibus
1831 1912 1950 1971 illis
1991 1932 2144 1992 quos

110 2014 262 2086 dixi,
294 2012 564 2074 Brennus
601 2033 810 2120 eorffln
846 2032 949 2077 m
962 2057 981 2084 ,
1015 2014 1163 2073 dum
1198 2034 1412 2071 aurum
1447 2032 1520 2073 ex
1548 2025 1719 2091 pacto
1750 2010 2107 2089 appenditur
2125 2052 2142 2081 ‚
2157 2086 2172 2095 ἦ

113 2110 181 2169 de
206 2112 417 2191 iniqua
443 2111 774 2191 ponderum
807 2113 1107 2171 exactione
1138 2111 1423 2191 quaerenti
1455 2115 1569 2189 Ap.
1597 2108 1848 2169 Claudio
1867 2152 1884 2180 ‚
1911 2106 2142 2182 adjecto

111 2208 180 2266 ad
206 2208 477 2287 pondera
506 2208 702 2288 gladio
717 2252 735 2281 ‚
766 2208 1165 2289 responderit:
1200 2212 1308 2265 Voe
1332 2212 1498 2266 victis
1515 2212 1540 2264 ,Ι

37 2359 41 2374 ’
114 2381 168 2422 v.
190 2364 295 2450 47.
314 2363 561 2425 Caetera
592 2377 656 2426 et
681 2360 791 2426 illa
815 2383 1044 2425 manus
1068 2359 1343 2425 fecunda
1365 2359 1445 2447 (al
1455 2315 1794 2448 facunda)
1818 2353 2148 2443 secunda]

188 2501 425 2560 Bellum
455 2501 743 2560 Punicum
769 2501 1097 2561 secundum
1124 2501 1432 2580 intelligit,
1463 2501 1583 2580 qua
1609 2511 1950 2579 tempestate
1977 2497 2149 2556 efflo-
2201 2502 2206 2510 “

116 2616 334 2657 rescere
367 2599 619 2657 maxime
637 2641 655 2670 ‚
684 2617 750 2657 ac
778 2618 903 2658 sese
931 2599 1209 2658 extollere
1249 2610 1556 2678 coeperunt
1589 2601 1852 2656 Romana
1879 2594 2108 2676 ingenia
2127 2635 2145 2664 ‚

113 2695 271 2771 juxta
290 2696 511 2754 veteris
531 2696 691 2754 illam
716 2701 903 2775 poetae
927 2697 1269 2755 sententiam
1291 2717 1306 2752 ε
1569 2689 1574 2694 ’

468 2814 665 2863 Punico
690 2814 826 2862 bello
855 2813 1077 2863 secundo
1105 2815 1253 2863 Musa
1282 2823 1504 2878 pennata
1531 2811 1689 2877 gradu

452 2894 653 2944 ,Intulit
678 2911 733 2943 se
756 2893 1046 2944 bellicosam
1072 2893 1277 2942 Romuli
1300 2894 1553 2958 ingentem
1577 2891 1748 2939 feram.

120 2991 307 3086 Habes
338 3017 517 3076 porro
541 3020 555 3055 ε

122 3168 171 3210 v.
206 3147 316 3226 48.
354 3147 535 3228 Quos
570 3150 741 3214 inter
776 3149 977 3214 Prisci
1016 3147 1334 3216 sententia
1378 3144 1490 3210 dia
1529 3142 1858 3232 Catonis]

122 3289 331 3362 Prisci,
362 3289 463 3346 hic
500 3307 623 3347 non
664 3289 991 3366 epithetum
1033 3278 1118 3347 e'st
1133 3335 1151 3362 ‚
1184 3291 1287 3349 sed
1324 3297 1788 3368 cognomentum
1819 3303 1940 3360 quo
1967 3304 2002 3341 a
2027 3286 2152 3340 Ro-
2187 3345 2196 3356 ,

122 3387 301 3445 manis
346 3384 659 3464 insignitus
703 3387 879 3455 Cato,
918 3397 1123 3444 auctor
1162 3385 1548 3458 Plutarchum
1585 3403 1658 3442 eo
1701 3382 1838 3440 dico
1855 3424 1872 3452 ‚
1907 3401 1982 3438 ne
2019 3378 2155 3457 quis

123 3480 227 3542 hoc
255 3484 459 3564 ipsum
487 3484 563 3542 ad
589 3483 840 3542 censorii
865 3482 1029 3541 illius
1056 3495 1285 3541 aetatem
1318 3481 1468 3542 falso
1493 3481 1786 3561 pertinere
1811 3475 2159 3558 persuadeat

126 3575 258 3642 sibi:
290 3601 491 3662 neque
521 3565 689 3641 aliter
714 3581 943 3640 Horatii
971 3581 1139 3639 locus
1164 3579 1539 3657 accipiendus
1556 3623 1572 3652 ‚
1601 3579 1740 3638 libri
1764 3579 1883 3646 ΙΙΙ,
1911 3574 2012 3631 od.
2039 3591 2108 3629 21
2137 3592 2155 3630 a

757 3719 1003 3766 Narratur
1030 3726 1079 3763 et
1104 3715 1264 3763 Prisci
1290 3715 1495 3764 Catonis

758 3801 896 3862 Saepe
923 3812 1063 3845 mero
1092 3795 1300 3843 caluisse
1328 3795 1506 3844 virtus.

124 3920 221 3979 nbi
260 3923 458 3980 Prisci
496 3923 731 3979 Catonis·
771 3924 1037 3978 virtutem
1089 3938 1198 3996 pro
1242 3919 1460 3976 Catone
1500 3916 1629 3992 ipso
1674 3931 1902 3970 summa
1941 3909 2156 3967 virtute

130 4020 369 4095 praedito
398 4019 651 4098 positam
683 4037 875 4096 operae
903 4018 1163 4096 pretium
1189 4027 1276 4073 est
1298 4015 1622 4073 observare.
1649 4009 1899 4069 Proinde
1923 4020 1982 4066 et
2003 4007 2161 4085 capi-

130 4117 221 4176 tali
261 4120 461 4180 littera
498 4115 823 4196 utrobique
870 4114 1267 4176 scribendum.
1314 4111 1428 4171 Sed
1472 4122 1534 4169 et
1576 4121 1941 4188 postremum
1983 4106 2167 4166 hexa-
