2775 4619
545 414 671 483 118

1064 414 1143 476 A.
1189 402 1571 476 PERS'II
1631 406 2017 477 FLACCI

625 537 862 604 Nescio
897 534 1058 625 quid
1094 550 1309 600 tecum
1346 555 1539 625 grave
1573 536 1921 601 cornicaris
1954 536 2221 625 inepte;

624 655 765 719 Nec
793 654 1052 741 stloppo
1078 650 1360 716 tumidas
1387 651 1674 717 intendis
1700 672 2007 743 rumpere
2030 652 2290 751 buccas.

620 770 832 836 Verba
865 784 1030 859 togoe
1057 770 1378 857 sequeris:
1404 770 1713 857 junctura
1740 768 2009 834 callidus
2034 769 2168 834 acri
2185 819 2205 850 ‚

536 963 724 1027 nescio
747 960 887 1034 quid
906 962 1200 1029 meditans,
1223 982 1284 1017 ac
1303 981 1488 1017 secum
1504 998 1519 1026 ,

534 1064 634 1099 rau
640 1063 705 1096 co
716 1046 1072 1109 sonitu,more
1081 1045 1364 1097 cornicum
1375 1064 1522 1097 mur·

537 1142 774 1177 murens-
789 1122 916 1177 Haec
932 1124 1081 1177 enim
1094 1125 1277 1177 omnia
1291 1124 1519 1179 medita-

535 1201 794 1255 bundnm
808 1205 1086 1257 hominem
1097 1244 1114 1270 ‚
1131 1218 1184 1258 et
1204 1204 1262 1257 in
1279 1205 1413 1259 seria
1427 1222 1517 1257 co-

536 1285 798 1355 gitatione
863 1284 1108 1339 defixum
1173 1287 1517 1359 exprimunn

536 1362 904 1435 Quaequidem
919 1402 937 1427 ‚
952 1366 1080 1438 quia
1097 1366 1344 1421 affectata
1357 1365 1520 1419 nimis

537 1442 820 1509 videntur,
835 1447 1031 1499 merito
1045 1467 1074 1499 a
1089 1452 1252 1519 poeta
1264 1446 1519 1500 deriden-

537 1531 649 1574 tur.
668 1524 946 1597 Aristoph.
969 1526 1026 1577 in
1047 1525 1236 1597 Equit.

535 1606 657 1669 Ᾰλ>.’
680 1610 800 1668 οἶσθ’
834 1617 858 1669 6
883 1636 965 1687 μοι
998 1621 1293 1671 πεπονθέναι
1317 1612 1479 1681 δοκεῖς
1502 1641 1519 1684 ;

533 1690 540 1695 ⁹
620 1695 736 1767 ὅπερ
765 1696 820 1749 τὸ
848 1700 1050 1759 πλῆθος.

537 1776 694 1827 Εἴπου
715 1770 926 1831 δικίδιον
952 1772 1096 1839 εἶπας
1121 1772 1172 1849 οὗ
1187 1814 1202 1837 ,
1228 1777 1362 1831 κατὰ
1385 1777 1517 1841 ξένου

615 1856 874 1924 μετοίκου,

535 1936 654 1992 Τὴν
677 1938 832 1989 νύκτα
872 1944 1106 2010 θρυλλῶν,
1144 1938 1228 1991 και
1266 1944 1427 1993 λαλῶν
1468 1942 1517 1993 ἐν

615 2018 727 2077 ταῖς
755 2014 885 2078 ὁδοῖς
915 2026 1136 2091 σεαυτῷ,

531 2077 674 2166 Υδωρ
711 2116 768 2149 τι
809 2098 992 2163 πίνων,
1028 2075 1373 2166 κεἰπιδιικνυς,
1402 2120 1518 2162 τους

584 2176 836 2243 φίλουςτ
814 2184 1031 2245 stavffiw,

535 2242 656 2308 hieu
698 2251 908 2320 δυνατὸς
951 2252 1072 2314 εἶναι
1106 2261 1283 2331 λέγειν.
1307 2266 1356 2314 Ω
1386 2260 1517 2332 papi

616 2341 705 2397 τῆς
734 2337 899 2399 ἀνοίας
924 2338 938 2390 Ξ
1371 2342 1436 2394 C·

614 2432 694 2466 12.
715 2417 1028 2488 Cernis-ans]
1055 2417 1209 2471 More
1229 2419 1517 2472 cornicum

533 2495 786 2566 grocitas.
818 2496 1031 2548 Locum
1061 2497 1211 2552 hunc
1241 2499 1381 2553 forte
1408 2519 1518 2554 res·
1554 2491 1565 2518 i

534 2576 691 2645 pexit
703 2575 773 2628 D.
791 2573 1157 2650 Hieronymus
1168 2616 1186 2644 ‚
1201 2583 1328 2632 cum
1347 2578 1485 2632 dixit
1500 2618 1518 2643 ‚

535 2656 690 2726 epist.
717 2655 828 2708 IV:
851 2661 946 2708 alii
969 2661 1100 2709 intra
1117 2679 1193 2720 se,
1218 2663 1378 2710 nescio
1396 2663 1524 2727 quid

534 2738 865 2797 cornicantes,
896 2741 1134 2789 tumentia
1167 2742 1331 2789 verba
1369 2741 1515 2789 truci·

533 2829 750 2876 namur,
777 2830 866 2866 etc.
893 2815 951 2868 P.

611 2915 634 2948 1
646 2897 691 2948 3.
709 2901 812 2948 Nec
826 2902 1012 2967 stloppo
1023 2937 1040 2961 ,
1061 2904 1170 2968 eta]
1188 2899 1369 2954 Tertia
1387 2912 1516 2952 nota

531 2977 662 3031 mali
688 2984 896 3048 poetae:
925 2978 1078 3050 quod
1106 2980 1314 3032 soleant
1341 2981 1516 3052 impe·

527 3057 625 3110 riti
644 3063 816 3128 poetae
839 3077 950 3130 prae
973 3059 1180 3112 caeteris
1204 3058 1382 3112 inflati
1402 3079 1513 3114 esse

529 3135 590 3188 in
620 3137 916 3190 recitando.
938 3138 1177 3193 Adverte
1204 3152 1389 3193 autem
1416 3142 1516 3195 tri-

527 3217 636 3270 bus
654 3217 710 3269 in
725 3218 810 3270 his
830 3219 1098 3290 egregiam
1111 3220 1509 3292 gradationem:

527 3317 632 3352 nec
655 3298 859 3372 stylum
878 3299 1034 3354 inflas
1055 3301 1124 3354 ad
1142 3303 1314 3358 instar
1333 3303 1511 3380 soilis;

1596 982 1699 1017 nec
1713 962 1989 1017 meditaris
2006 976 2060 1017 et
2072 977 2260 1017 tecum
2274 966 2440 1036 agitas
2454 984 2591 1019 con·

1598 1045 1721 1099 fusa
1749 1057 1802 1097 et
1828 1042 2089 1117 impedita
2115 1046 2284 1097 instar
2312 1046 2589 1111 cornicis;

1596 1142 1699 1179 nec
1731 1124 1973 1198 denique
2011 1144 2105 1179 ore
2142 1128 2389 1199 turgenti
2429 1129 2591 1199 quasi

1595 1210 1835 1273 stloppum
1860 1205 2021 1260 edere
2042 1206 2263 1259 videris.
2284 1206 2376 1259 Sic
2398 1206 2595 1259 laudat

1600 1288 1879 1343 Cornutus
1899 1308 1930 1341 a
1960 1288 2243 1341 contrariis
2270 1287 2445 1341 Persii
2478 1288 2591 1340 elo-

1600 1370 1879 1423 cutionem
1892 1408 1909 1434 ,
1923 1368 2295 1423 inventionem
2306 1408 2321 1431 ,
2340 1388 2594 1441 pronun—

1598 1449 1901 1511 tiationem.
1916 1454 2209 1517 -Stloppm
2228 1451 2358 1503 Vox
2378 1449 2592 1521 elegan-

1598 1542 1681 1583 ter
1695 1530 1890 1593 efficta,
1900 1529 1968 1585 ad
1986 1528 2416 1603 exprimendum
2429 1530 2593 1583 inum

1598 1630 1827 1677 sonum,
1857 1629 2027 1684 quem
2052 1612 2235 1665 bucca
2262 1608 2469 1664 inflatae
2489 1650 2506 1678 ,
2536 1623 2593 1663 et

1598 1689 1715 1745 ictu
1742 1691 1939 1745 collisae
1961 1688 2157 1745 edunt.
2186 1688 2252 1742 C.
2281 1703 2338 1743 et
2360 1688 2423 1742 P.

1658 1779 1761 1837 14.
1788 1776 1950 1823 Verba
1968 1787 2098 1841 togoe
2114 1770 2369 1841 sequeris]
2394 1768 2593 1843 Sequi-

1599 1865 1694 1907 tur
1704 1852 1947 1907 laudatio
1960 1852 2095 1907 κατὰ
2108 1856 2253 1906 θέσιν.
2270 1852 2462 1905 Prima
2475 1852 2595 1905 laus

1596 1938 1628 1993 ἡ
1647 1942 1743 1987 τῶν
1761 1936 2013 2007 ὀνομάτων
2036 1934 2229 2005 ἐκλογή.
2249 1932 2365 1999 Τιι,
2384 1933 2595 2005 inquit,

1601 2012 1775 2067 uteris
1809 2011 1952 2085 stylo
1983 2030 2099 2067 non
2128 2012 2437 2083 ampullato
2456 2048 2475 2076 ‚
2500 2024 2596 2064 aut

1598 2091 1991 2165 sesquipedali,
2019 2110 2123 2147 nec
2157 2110 2225 2145 ex
2260 2092 2465 2145 ultima
2498 2112 2592 2145 an-

1599 2172 1853 2245 tiquitate
1866 2172 2043 2245 petito
2056 2210 2075 2236 ,
2092 2184 2157 2225 ut
2178 2170 2411 2245 quidam
2431 2173 2591 2246 inep-

1598 2256 1642 2311 ti
1666 2293 1684 2323 ,
1722 2274 1862 2329 quos
1904 2267 2002 2309 sat.
2048 2256 2075 2307 1
2100 2292 2117 2320 ‚
2156 2254 2358 2307 merito
2402 2273 2593 2328 repre-

1598 2335 1863 2404 hendisti3
1882 2336 1977 2390 sed
1996 2337 2138 2410 stylo
2157 2335 2396 2408 simplici
2412 2375 2431 2400 ‚
2451 2337 2593 2408 poli-

1599 2429 1671 2482 to,
1680 2431 1963 2472 venustate
1971 2421 2067 2471 sua
2076 2415 2365 2488 acleporib
2372 2437 2441 2470 us
2454 2435 2595 2470 com-

1598 2494 1910 2550 mendando
1936 2535 1953 2562 ,
1992 2509 2158 2568 atque
2202 2496 2262 2547 in
2301 2497 2592 2549 communi
2682 2533 2691 2542 ·

1600 2598 1703 2631 usu
1736 2579 1946 2650 posim,
1970 2577 2023 2630 ei
2054 2575 2282 2629 demum
2306 2595 2427 2628 non
2452 2576 2592 2630 absi-

1597 2659 1741 2732 mili,
1768 2678 1936 2732 quem
1965 2670 2122 2711 vocat
2152 2655 2347 2710 Horat.
2379 2660 2597 2708 sermoni

1586 2741 1900 2807 propriorem
1910 2777 1927 2798 ‚
1942 2751 1997 2790 et
2016 2757 2205 2788 musam
2214 2739 2593 2804 pedestrem.—

1595 2826 1837 2871 Junceura
1855 2821 2064 2870 callidus
2078 2820 2205 2869 acri.
2226 2817 2415 2870 Altera
2434 2818 2554 2870 laus
2570 2837 2586 2868 ε

1597 2897 1924 2972 compositio
1956 2909 2105 2952 recta
2133 2897 2435 2950 verborum
2452 2936 2471 2962 ,
2496 2917 2589 2950 eo·

1596 2997 1835 3052 rumque
1862 2990 1986 3050 apta
2010 2977 2269 3048 junctura
2286 3015 2304 3043 ,
2332 2995 2469 3048 quas
2495 2996 2589 3030 vo·

1594 3074 1720 3116 cant
1738 3055 1917 3113 Graeci
1938 3060 2185 3112 rhetores
2213 3059 2303 3116 τὴν
2324 3059 2480 3115 καλὴν
2500 3065 2586 3111 τοῦ

1593 3145 1737 3212 λόγου
1767 3141 2005 3194 συνθέσιν.
2039 3137 2245 3192 Seneca
2275 3156 2369 3204 eos
2397 3157 2584 3210 repre·

1594 3217 1789 3274 hendit
1822 3221 1919 3292 qui
1938 3258 1955 3285 ,
1989 3218 2174 3274 studio
2206 3221 2588 3291 exasperandae

1594 3301 1856 3355 orationis
1873 3340 1890 3368 ‚
1918 3303 2098 3354 nolunt
2130 3303 2237 3352 sine
2262 3303 2462 3352 salebra
2488 3320 2587 3352 esse

599 3484 666 3530 V.
701 3483 780 3530 13.
813 3483 1026 3547 Stloppo.
1052 3484 1298 3550 Quinque
1327 3484 1479 3538 codd.
1512 3485 1645 3532 inter
1675 3499 1805 3548 quos
1835 3493 2006 3532 noster
2022 3515 2040 3541 ,
2054 3481 2249 3532 hahent
2274 3481 2471 3546 seloppo
2494 3493 2584 3530 sen

527 3562 801 3628 sclopo.1ta
824 3579 1032 3628 quoque
1053 3576 1152 3614 vet.
1173 3565 1330 3615 schol.
1351 3565 1472 3614 cod.
1493 3564 1725 3623 Pithoei,
1753 3565 1889 3624 8072
1908 3597 1923 3622 ,
1944 3572 1993 3612 et
2014 3563 2091 3612 ed.
2114 3573 2211 3610 vet.
2232 3562 2459 3610 Britann-
2478 3561 2587 3609 Alii

525 3641 715 3692 habent
729 3643 952 3707 seloppo,
973 3661 1062 3692 seu
1079 3645 1251 3708 stlopo.
1275 3645 1607 3696 casaubonus
1611 3644 1829 3710 praefert
1844 3643 2063 3706 seloppo,
2084 3658 2199 3706 quae
2218 3657 2319 3690 vox
2335 3639 2588 3706 reperitur

525 3723 666 3787 apud
680 3724 1020 3784 Priscianum,
1039 3725 1184 3788 quia,
1205 3735 1266 3772 ut
1281 3725 1389 3788 ipse
1411 3725 1505 3772 ait:
1528 3735 1639 3772 «est
1663 3724 1910 3790 eleganter
1930 3720 2093 3770 efficta
2118 3720 2181 3768 ad
2200 3721 2589 3785 exprimendum

527 3821 550 3845 α
565 3801 713 3850 illum
743 3819 926 3850 sonum
954 3819 1106 3868 quem
1130 3801 1522 3873 huccaejnflatae
1548 3812 1599 3852 et
1622 3804 1728 3852 ictu
1757 3803 1944 3852 conisae
1972 3801 2146 3848 edunt.
2165 3821 2187 3841 υ
2211 3801 2278 3848 At
2300 3799 2471 3847 eadem
2494 3816 2585 3847 va-

525 3881 673 3929 rietas
699 3893 859 3930 exstat
881 3883 1009 3930 forte
1041 3883 1100 3930 iu
1127 3877 1280 3931 codd.
1311 3883 1555 3931 Prisciani
1571 3917 1585 3942 ‚
1605 3893 1811 3948 propter
1839 3881 2227 3929 similitudinem
2252 3880 2536 3927 litterarum
2555 3894 2586 3924 c

527 3967 578 4005 et
608 3971 631 4005 t
664 3960 720 4006 in
759 3961 1047 4009 codicibus:
1073 3972 1304 4025 praeterea
1322 3997 1336 4021 ‚
1359 3979 1463 4011 vox
1497 3961 1691 4027 seloppo
1728 3961 1881 4010 nobis
1914 3960 2166 4008 efficacior
2195 3959 2394 4006 videtur
2423 3957 2581 4023 quim

525 4035 710 4104 seloppo
725 4073 742 4098 ,
764 4039 827 4087 ad
846 4041 1235 4106 exprimendum
1254 4043 1400 4092 illum
1423 4059 1618 4092 sonum.
1640 4041 1779 4094 Nihil
1806 4039 1973 4090 tame'n
1993 4039 2069 4090 ibi
2092 4038 2413 4089 mutavimus.

2706 24 2709 211 Ι
