2775 4619
921 389 1110 498 ἐΑΤ
1135 433 1164 496 1
1191 431 1251 494 a
1267 404 1329 499 Α
1396 420 1505 498 v(

266 555 654 628 sambucam
691 554 882 626 citius
921 556 1134 627 caloni
1168 556 1484 645 aptaveris
1518 555 1674 632 alto.

2090 459 2117 502 1
2130 437 2218 526 39‘

263 673 400 737 Stat
423 688 652 738 contra
673 671 846 741 ratio
860 720 882 754 ,
907 688 973 741 et
995 688 1300 746 secretam
1327 672 1531 764 garrit
1556 674 1629 741 in
1654 694 1876 746 aurem
1890 721 1913 756 .

259 789 360 856 Ne
385 789 580 862 liceat
603 789 817 864 facere
843 789 914 862 id
927 837 948 872 ,
979 789 1162 878 quod
1189 791 1336 879 quis
1361 789 1622 861 vitiabit
1646 789 1917 882 agendo.

69 1055 74 1058 Ι
182 979 316 1053 pidae
353 1000 497 1047 usu,
523 993 670 1036 certe
702 979 948 1054 pendent
979 983 1157 1036 omnis

179 1063 297 1116 vitae
322 1063 548 1116 libertas
574 1074 741 1135 atque
768 1063 1013 1116 felicitas.
1051 1067 1118 1118 A.

247 1145 334 1212 95.
360 1148 657 1196 Sambucam
683 1147 822 1198 citius
834 1183 852 1209 ,
879 1149 989 1214 eea]
1013 1145 1160 1202 Faci-

180 1223 278 1276 lius
326 1224 626 1278 inserueris
677 1226 860 1280 crassis
911 1227 1159 1286 manibus

179 1305 410 1358 hominis
429 1307 651 1378 agrestis
679 1319 735 1359 et
759 1307 934 1378 inepti
956 1307 1158 1361 instru-

183 1399 422 1440 mentum
435 1389 732 1453 musicum,
748 1403 804 1443 et
819 1389 1081 1456 effeceris,
1094 1402 1160 1444 ut

183 1465 237 1518 id
245 1485 314 1520 ex
323 1479 440 1520 arte
452 1468 816 1540 pulset‚quam
829 1479 892 1524 ut
907 1469 1076 1522 Dama
1086 1489 1164 1522 ra-

183 1546 385 1600 tionem
407 1559 670 1620 sequatur
700 1561 754 1601 et
773 1547 958 1602 tenuia
977 1567 1164 1603 rerum

186 1627 359 1681 officia
375 1629 530 1681 norit
541 1667 556 1691 ‚
576 1641 630 1682 et
647 1635 1168 1702 paemen—Sambra-

183 1727 251 1759 σα.
263 1711 388 1762 Vox
409 1709 653 1782 Syriaca,
676 1712 945 1765 musicum
963 1713 1164 1766 instru-

185 1803 429 1843 mentum
491 1791 758 1866 significat
804 1793 1164 1867 „triangularis

183 1870 362 1923 formai
377 1910 395 1937 ,
425 1871 581 1943 quod
607 1871 750 1925 Galli
766 1887 962 1928 vocant
983 1877 1162 1944 harpe,

185 1947 354 2000 Graeci
379 1949 678 2025 Latinique
707 1950 878 2022 lyram
913 1962 966 2004 et
998 1952 1167 2005 citha·

183 2047 308 2082 ram.
333 2030 630 2084 Athenoeus
645 2069 661 2092 ,
683 2031 778 2082 lib.
801 2033 904 2095 IV,
925 2037 1046 2104 cap'.
1073 2031 1160 2086 23.

185 2115 472 2164 Sambueam
513 2111 944 2185 lyrophoenicem
980 2114 1166 2179 vocari

183 2190 508 2263 ait,ejusque
518 2191 862 2246 inventorem
875 2193 1040 2248 fuisse
1049 2194 1170 2268 Iby-

184 2289 304 2325 cum
315 2273 630 2347 Rheginum
643 2293 658 2337 ;
680 2283 751 2342 et,
765 2275 856 2328 lib.
870 2275 1030 2343 xlv,
1042 2293 1161 2349 cap.

185 2354 236 2419 8,
249 2368 480 2408 acutum
495 2374 607 2409 esse
623 2358 740 2432 ejus
754 2374 968 2423 sonum3
984 2358 1165 2429 primo

183 2434 380 2488 fidibus
398 2451 639 2509 quatuor
656 2449 869 2490 tensum
885 2438 1071 2505 fuisse3
1089 2451 1166 2503 et,

183 2530 295 2585 cap.
316 2533 349 2584 9
365 2512 778 2586 ejusdemlibri,
797 2517 1048 2569 sambuca
1060 2517 1170 2589 pri·

183 2614 320 2648 mam
339 2614 496 2649 usam
512 2596 676 2650 fuisse
692 2596 948 2670 sybillam
964 2636 980 2662 ,
1003 2612 1168 2670 atque

181 2676 254 2729 ita
277 2690 530 2732 vocatam
561 2696 591 2729 a
617 2677 878 2751 Sambyce
905 2676 1165 2750 quodam.

184 2758 310 2832 Ejus
328 2758 686 2813 instrumenti
707 2758 957 2813 meminit
977 2760 1170 2813 Daniel

183 2842 473 2918 propheta,
487 2858 610 2915 cap.
629 2841 683 2906 3,
703 2841 922 2894 vitruv.
941 2840 1035 2893 lib.
1049 2842 1134 2894 vl
1152 2879 1170 2906 ,

183 2920 432 2993 Spartian
445 2959 458 2973 .
501 2920 560 2974 in
601 2920 842 2978 Adriano
867 2960 881 2984 ‚
922 2932 1038 2978 etc:
1076 2922 1172 2975 Est

183 3002 342 3055 etiam
351 3005 592 3053 sambuca
605 3002 661 3055 in
667 3013 1030 3054 strumentum
1041 3000 1172 3054 hessi

181 3082 573 3157 oppugnandis
605 3084 837 3138 urbibus
870 3080 1135 3136 idoneum
1154 3119 1171 3148 ,

185 3163 336 3237 quod
351 3165 582 3217 funibus
597 3162 930 3229 intenditur,
947 3176 1008 3215 ut
1023 3165 1178 3217 chor-

186 3244 268 3298 dis
303 3246 510 3299 cithara
529 3284 547 3311 ,
575 3244 726 3299 unde
765 3264 966 3299 nomen
1004 3244 1073 3299 de
1111 3264 1176 3300 eo

187 3328 418 3381 Vitruv.
440 3327 540 3378 lib.
562 3327 635 3391 X,
657 3324 806 3378 Plut.
830 3326 888 3379 in
903 3326 1016 3380 vita
1035 3328 1178 3380 Mar-

1238 1002 1426 1042 muros
1445 984 1621 1042 laxata
1638 1023 1655 1052 ,
1676 999 1793 1041 erat
1811 1005 1915 1061 pro
1937 1001 2108 1064 ponte
2124 1027 2140 1058 ,
2162 1004 2219 1046 et

1235 1083 1340 1138 per
1369 1083 1487 1119 eam
1523 1079 1865 1122 transeuntes
1901 1069 2095 1124 milites
2122 1090 2222 1125 ur·-

1235 1145 1364 1204 bem
1379 1146 1717 1206 invadebant.
1732 1147 2013 1206 Fabricam
2030 1153 2145 1224 ejus
2158 1171 2221 1206 ac

1240 1228 1471 1281 formam
1487 1229 1553 1280 ab
1568 1227 1851 1284 Heraclide
1865 1231 2107 1304 quodam
2120 1233 2222 1286 Ta-

1237 1309 1459 1362 rentino
1473 1306 1751 1363 inventam
1768 1311 1917 1364 testis
1932 1325 2011 1365 est
2022 1314 2221 1366 Athen.

1236 1386 1337 1440 lib.
1369 1389 1530 1454 XIV,
1560 1407 1677 1460 cap.
1712 1389 2051 1443 8.--Calom‘.
2092 1393 2225 1446 Calo

1239 1465 1469 1538 proprie
1505 1483 1689 1518 servus
1726 1465 2001 1532 militum,
2036 1467 2225 1522 Graeca

1244 1561 1412 1611 voce,-
1440 1547 1567 1618 quia
1588 1549 1747 1606 κᾶλα,
1772 1546 1833 1600 id
1860 1561 1972 1613 est,
1998 1548 2145 1621 ligna
2169 1561 2226 1602 et

1243 1622 1346 1676 alia
1365 1622 1660 1675 necessaria
1678 1623 2225 1694 procurabat—Alto.

1243 1704 1387 1770 Quia
1406 1704 1736 1780 plerumque
1753 1705 1860 1757 alta
1878 1717 2005 1757 sunt
2024 1691 2227 1759 statur&

1243 1785 1332 1838 isti
1364 1785 1616 1838 homines
1636 1823 1651 1851 ,
1673 1796 1728 1837 et
1760 1784 1959 1858 saepius
1993 1787 2147 1840 stulti
2172 1800 2228 1840 et

1243 1865 1403 1920 bardi
1432 1867 1653 1938 ingenii.
1670 1861 1897 1919 Aristoni
1917 1868 1975 1920 in
2000 1867 2229 1942 Physic-

1246 1969 1431 2022 gnom.
1460 1951 1501 2002 οἱ
1530 1947 1657 2018 ἄγαν
1689 1949 1892 2019 μεγάλοι
1920 1946 2141 2020 βραδεῖς.
2164 1950 2228 2002 Ρ.

1319 2033 1409 2100 96.
1454 2036 1563 2081 Stat
1602 2043 1775 2080 comm
1814 2029 1977 2100 racia]
2024 2029 2233 2101 Contra

1245 2112 1515 2165 rationem
1538 2122 1616 2162 est
1630 2149 1646 2176 ,
1668 2122 1731 2162 ut
1754 2108 1998 2164 medicus
2019 2111 2232 2164 fabrilia

1249 2205 1444 2270 tractet
1464 2231 1481 2257 ,
1526 2205 1621 2246 aut
1670 2192 1822 2245 faber
1871 2191 1939 2246 τὰ
1987 2193 2186 2264 ἰατρικά
2210 2213 2227 2244 =

1245 2271 1395 2326 idem
1426 2272 1484 2325 in
1513 2272 1769 2325 omnibus
1806 2270 2053 2324 artibust
2091 2271 2231 2324 stul-

1208 2416 1220 2427 ·
1245 2366 1368 2409 tum
1398 2368 1477 2407 est
1504 2354 1717 2425 exigere
1757 2372 1786 2405 a
1826 2369 2141 2425 quoquam,
2172 2363 2235 2405 ut

1247 2448 1372 2509 apte
1414 2448 1535 2507 agat
1581 2433 1735 2507 quod
1776 2452 1889 2486 non
1938 2432 2233 2499 didioerit3

1249 2517 1484 2571 stultum
1498 2515 1637 2569 adeo
1652 2534 1765 2569 non
1784 2516 1968 2567 minus
1987 2532 2235 2587 sperare,

1252 2613 1306 2653 te
1336 2616 1555 2652 servum
1582 2609 1636 2650 et
1662 2597 1847 2649 animo
1880 2608 1932 2649 et
1965 2613 2194 2667 corpore
2216 2632 2233 2658 ,

1251 2680 1390 2753 quin
1424 2692 1480 2731 et
1512 2675 1849 2730 nebulonem
1868 2714 1885 2741 ,
1917 2676 2044 2730 vitae
2078 2666 2236 2728 beate

1252 2758 1515 2831 degendae
1536 2758 1803 2811 rationem
1826 2776 1855 2809 a
1874 2768 2112 2831 praetore
2133 2766 2236 2810 sta·

1251 2839 1352 2893 tim
1394 2858 1521 2891 cum
1566 2838 1817 2890 libertate
1860 2838 2105 2911 corporis
2145 2854 2233 2890 ac-

1253 2922 1719 2993 cepturum.—Et
1738 2930 1972 2969 secretam
1993 2920 2161 2987 garrit
2184 2919 2237 2967 in

1251 3022 1439 3055 aurem.
1460 3000 1646 3069 Intus,
1668 2998 1728 3052 in
1747 2998 1934 3051 animo
1954 3016 2063 3051 suae
2081 2995 2240 3050 indo·

1251 3084 1319 3137 lis
1362 3080 1578 3136 conscio
1603 3120 1620 3148 ,
1656 3082 1910 3133 reclamat
1951 3098 2013 3133 ac
2050 3090 2253 3137 monet,

1253 3166 1482 3222 Damam
1509 3183 1724 3237 semper
1756 3180 1868 3215 esse
1897 3162 2151 3225 Damam,
2178 3157 2237 3212 id

1258 3263 1370 3314 est,
1398 3267 1616 3302 servum
1645 3265 1774 3303 eum
1800 3260 2015 3315 semper
2041 3259 2154 3295 esse
2181 3253 2239 3294 et

1258 3332 1573 3403 abjectum3
1608 3326 1847 3401 ideoque
1891 3345 1955 3376 ne
1990 3327 2140 3376 liceat
2170 3322 2247 3375 illi

189 3409 341 3471 celii,
365 3406 560 3481 Polyb.
579 3406 677 3459 lib.
705 3408 880 3473 VIII,
905 3408 1057 3485 Lips.
1079 3408 1182 3462 Po·
1243 3413 1426 3481 facere
1446 3413 1617 3479 quod,
1637 3424 1729 3461 ecc.
1757 3406 1821 3459 C.
1846 3417 1901 3459 et
1922 3404 1985 3457 Ρ.

186 3488 393 3541 liorcet.
426 3488 526 3539 lib.
549 3488 578 3540 1
593 3526 609 3550 ‚
629 3487 876 3561 dialogus
911 3492 943 3541 6
960 3527 977 3555 ,
997 3492 1177 3562 Vege-

183 3571 293 3627 tius
314 3583 370 3628 et
387 3570 501 3625 alii.
527 3570 744 3648 Scilicet
765 3590 794 3623 e
823 3584 977 3630 turre
999 3590 1176 3645 prope

189 3655 390 3730 urbem
409 3652 685 3709 obsessam
708 3656 1010 3719 exstructa,
1034 3654 1178 3706 trabs

189 3734 382 3813 ingens
399 3774 418 3807 ‚
443 3736 677 3794 funibus
716 3755 777 3791 ac
817 3734 1076 3789 trochleis
1109 3732 1180 3787 ad

1331 3514 1418 3565 97.
1444 3496 1519 3544 Ne
1542 3492 1905 3559 liceacfacere‚
1928 3490 2038 3555 eta]
2063 3486 2147 3538 Ne
2174 3458 2241 3535 li:

1259 3589 1375 3631 ceat
1402 3576 1584 3627 Damae
1615 3572 1695 3624 illi
1722 3570 1823 3624 arti
1855 3566 2158 3620 immiscere
2186 3583 2243 3617 se

1261 3672 1426 3727 quam
1452 3652 1669 3709 nesciat.
1690 3645 1903 3701 Alludit
1924 3642 1990 3697 ad
2013 3661 2239 3720 prover-

1259 3734 1437 3788 bium.
1470 3723 1618 3805 sspdot
1657 3742 1734 3795 τῆς
1769 3732 1826 3788 ἢν
1867 3730 2041 3795 ἔκαςος
2083 3721 2240 3811 sidu-<i

264 3923 338 3970 V.
367 3922 454 3983 95.
477 3921 788 3975 sambucam.
818 3918 944 3973 Cod.
966 3928 1164 3978 noster,
1183 3892 1449 3975 sambuca,
1475 3915 1620 3971 male.

259 4032 331 4077 V.
359 4030 448 4092 96.
479 4023 663 4076 Gar-nit.
688 4004 764 4077 11'
781 4026 928 4079 codd.
956 4036 1008 4074 et
1031 4034 1231 4084 noster,
1251 4023 1449 4090 gannit.
1475 4026 1552 4071 Ita
1570 4031 1665 4070 vet.
1686 4021 1807 4071 edit.
1836 4020 1959 4073 Brit.
1980 4019 2210 4071 Lubinus
2224 4050 2240 4079 ‚

193 4107 470 4187 wedderb.
495 4110 602 4169 Alii
624 4118 680 4161 et
705 4108 1047 4177 antiquiores,
1066 4106 1249 4174 garrit.
1271 4106 1338 4157 Ax
1359 4106 1503 4175 parvi
1522 4105 1750 4155 interest.
