2775 4619
950 387 1367 476 sA'rins
1414 390 1472 454 1.
1635 449 1642 456 .
2155 397 2230 462 13

274 511 534 602 Aspexi
551 559 569 593 ,
598 525 665 576 et
698 499 975 576 nucibus
1001 512 1728 603 facimusquaecumque
1753 495 2029 600 relictis:
2167 546 2232 608 ¹.⁰
2291 554 2295 558 -

274 631 454 693 Ciim
481 628 770 718 sapimus
802 643 1099 717 patruos3
1128 644 1369 694 tunc...
1401 645 1640 696 tunc...
1675 631 2060 721 ignoscite...

876 765 1542 810 Anvnnsnnlus.

1990 853 2183 920 Nolo.

914 943 1407 1002 ‘rnnsluffi

290 1065 475 1150 Quid
502 1063 777 1130 faciam?
805 1063 933 1130 Sed
961 1088 1106 1131 sum
1136 1069 1453 1156 petulanti
1479 1069 1704 1158 splene
1730 1070 2075 1138 caehinno.

182 1245 279 1320 los
292 1268 430 1322 mihi
449 1285 623 1340 pono,
636 1280 691 1320 et
708 1266 1007 1334 stultitiam,
1023 1267 1176 1322 stoli-

186 1344 425 1402 ditatem
444 1384 463 1410 ‚
489 1364 758 1418 vanasque
785 1365 973 1400 senum
993 1361 1175 1414 c'uras,

183 1428 363 1482 vitam
397 1427 609 1480 tristem
646 1439 702 1480 et
744 1427 1022 1492 miseram,
1052 1446 1191 1498 per·,

183 1511 463 1581 versaque
496 1506 723 1560 laudum
762 1506 1057 1581 cupiditate
1084 1506 1179 1562 de·

188 1589 487 1642 formatam
500 1626 517 1653 ,
541 1607 705 1660 quam
726 1608 824 1641 nos
847 1589 1074 1644 Romani
1095 1589 1175 1644 vi-

188 1670 377 1722 vimus
390 1667 586 1731 vitam,
605 1680 659 1720 et
677 1686 1057 1742 quaecumque,
1079 1687 1177 1722 nos

186 1751 443 1819 juvenes,
459 1751 659 1800 nucibus
676 1751 870 1810 relictis,
886 1750 983 1821 qui
998 1769 1025 1802 a
1040 1767 1178 1822 pue·

192 1829 393 1880 rilibus
432 1828 591 1902 nugis
614 1826 703 1902 ‘ad
746 1828 987 1882 virorum
1024 1847 1178 1882 curas

190 1909 306 1980 jam
334 1908 673 1973 transiimus,
701 1927 1021 1975 quascumque
1047 1907 1177 1961 ridi-

196 1987 319 2040 cula
336 2026 355 2054 ‚
374 2006 539 2059 prava
566 1999 620 2040 et
647 1987 879 2040 carentia
900 1985 1178 2040 communi

193 2086 361 2120 sensu
396 2067 621 2120 facimus
639 2105 655 2130 ‚
678 2065 811 2119 dum
845 2069 1056 2134 sapimus
1075 2087 1175 2134 pa-

193 2163 333 2200 truos
344 2185 363 2209 ‚
387 2146 525 2200 dum
552 2147 657 2201 viri
690 2145 857 2201 severi
885 2146 1175 2200 existimari

194 2230 546 2284 volumus.—
558 2230 811 2280 Canitiem.
833 2226 997 2279 Senes
1016 2226 1068 2278 in
1076 2229 1173 2280 tel-

192 2309 321 2381 ligit
339 2347 357 2376 ‚
378 2307 581 2382 quibus
608 2306 893 2381 peculiaris
922 2323 1003 2362 est
1030 2309 1173 2362 cani-

194 2390 299 2442 ties
319 2427 337 2453 ‚
366 2408 487 2460 quae
522 2407 659 2463 saepe
692 2389 885 2461 saepius
920 2391 1179 2461 temporis

196 2468 523 2541 significatio
558 2481 637 2521 est
656 2506 674 2532 ‚
700 2486 811 2521 non
847 2465 1175 2539 prudentiae.

196 2549 361 2604 Πολιὰ
382 2552 548 2622 χρόνου
571 2552 800 2623 μήνυσις,
819 2551 869 2602 οὗ
890 2550 1177 2623 φρονήσεως.

196 2631 520 2680 -Νο3τναιη,
532 2664 565 2680 ..
579 2668 592 2681 .
610 2631 789 2679 vivere.
808 2626 1058 2680 Graecum
1078 2642 1178 2695 est,

198 2713 257 2765 τὸ
288 2712 372 2779 ζῇν
404 2712 567 2781 ἡμῶν.
599 2709 787 2763 Cicero
806 2746 822 2773 ,
852 2712 989 2759 beate
1014 2712 1180 2761 ‘vivere

199 2805 445 2841 vestrum.
469 2815 490 2836 ι
508 2789 744 2842 Primam
765 2802 944 2843 autem
960 2827 977 2855 ,
999 2789 1180 2863 inquit

204 2894 229 2915 ι
253 2866 559 2927 Casauhon.
612 2887 899 2941 personam
957 2883 1179 2941 usurpat

203 2974 227 2995 ι
248 2948 643 3021 objurgationis
666 2947 972 3003 molliendae
994 2954 1178 3017 caus33

203 3055 226 3076 ι
251 3047 408 3081 more
430 3028 704 3094 omnium,
729 3029 823 3101 qui
844 3029 1182 3083 invehuntur

204 3136 227 3157 ι
249 3110 307 3163 in
318 3109 450 3163 vitia
460 3123 513 3163 et
523 3111 857 3165 vitiosos.-—-
865 3116 1028 3162 Vivere
1038 3114 1182 3163 triste.

198 3182 245 3245 ὁ
272 3194 553 3263 σκυθρωπὸς
592 3193 729 3257 βίος,
758 3194 931 3264 qualis
970 3206 1049 3256 est
1088 3212 1179 3247 eo-

199 3289 328 3329 rum
347 3269 580 3323 maxime
594 3308 610 3334 ‚
633 3273 722 3338 qui
742 3274 907 3323 Curios
924 3272 1181 3331 simulant,

199 3365 251 3401 et
266 3352 609 3401 Bacchanalia
626 3355 817 3402 vivunt.
834 3352 959 3405 Juv.
981 3364 1073 3405 sat.
1090 3353 1149 3405 II
1162 3390 1179 3419 ‚

200 3430 315 3483 v.·3
339 3466 355 3494 ,
390 3427 461 3481 ad
494 3447 615 3502 quie
649 3428 980 3502 respondent
1005 3431 1179 3497 infra,

200 3515 313 3561 eiam
334 3513 551 3577 sapimus
564 3524 785 3577 patruos.
814 3510 877 3563 C.

276 3608 363 3642 10.
398 3592 629 3641 Nueibus.
645 3628 656 3641 .
673 3628 684 3641 .
702 3627 713 3641 .
732 3590 939 3662 relictis-J
972 3588 1040 3645 Id
1068 3602 1182 3657 est,

199 3669 506 3742 puerilibus
540 3668 683 3725 ludis
721 3690 782 3724 ac
820 3672 993 3743 nugis.
1034 3672 1185 3726 Inter

199 3767 508 3821 puerorum
518 3749 905 3823 oblectamenta
920 3764 1070 3804 erant
1082 3770 1182 3805 nu-

201 3846 302 3883 ces.
324 3830 404 3882 Ea
426 3828 591 3882 simul
627 3848 753 3883 cum
784 3830 933 3885 bulla
966 3843 1017 3884 et
1046 3848 1183 3903 prae-

200 3921 345 3965 texta
378 3910 765 3983 relinquebant
789 3949 806 3976 ,
838 3915 966 3964 cum
1003 3910 1070 3965 ad
1102 3912 1182 3967 vi·

200 3990 359 4045 rilem
380 4001 591 4045 atatem
615 4003 991 4062 pervenerant.

1332 1287 1355 1322 1
1370 1287 1392 1322 1
1405 1309 1418 1323 .
1448 1273 1562 1322 Ciam
1589 1273 1799 1338 sspimus
1823 1263 2072 1346 patricos]
2107 1276 2231 1331 Viri

1256 1350 1430 1403 severi
1457 1351 1706 1407 aestimari
1732 1347 1995 1424 volumus.
2023 1362 2234 1410 Patruus

1257 1441 1310 1481 et
1330 1421 1461 1479 tueo'r·
1478 1448 1617 1501 saepe
1643 1427 1790 1483 idem
1811 1447 2001 1486 sonant
2025 1453 2085 1488 ac
2111 1455 2231 1508 gra-

1257 1509 1336 1560 vis
1346 1527 1537 1561 censor
1552 1521 1606 1563 et
1619 1510 1942 1583 objurgator.
1953 1513 2232 1578 Quoniam

1256 1599 1434 1640 nutem
1463 1589 1522 1641 in
1556 1590 1888 1662 corrigendis
1919 1593 2103 1647 liberis
2134 1614 2229 1667 pav

1257 1679 1363 1720 tres
1411 1668 1650 1723 mitiores
1701 1683 1754 1723 et
1803 1672 2232 1746 indulgentiores

1256 1766 1363 1800 esse
1401 1747 1613 1816 solent3
1649 1749 1788 1803 tradi
1829 1753 1985 1823 pueri
2027 1755 2233 1824 patruis

1256 1827 1561 1899 corrigendi
1572 1843 1983 1883 consueverunt:
1998 1833 2075 1883 illi
2087 1834 2232 1886 enim

1256 1905 1683 1960 adolescentibus
1718 1910 2074 1981 corripiendis
2109 1931 2230 1964 aus·

1257 1987 1480 2039 teriores
1509 2000 1634 2039 sunt
1663 1993 1824 2059 quam
1851 2002 2058 2060 patres:
2083 1991 2230 2046 unde

1254 2065 1391 2119 illud
1409 2066 1617 2118 Horatii
1629 2080 1820 2120 notum
1840 2090 1852 2119 ε
1875 2089 1936 2120 ne
1952 2071 2232 2138 sispatruus

1255 2149 1408 2209 mihi,
1437 2159 1494 2199 et
1512 2146 1603 2199 od.
1626 2148 1750 2200 libr.
1768 2149 1856 2201 111
1877 2187 1892 2214 ,
1922 2168 1980 2202 12
1996 2188 2010 2212 ,
2035 2151 2063 2203 3
2084 2171 2097 2204 ε

1376 2235 1471 2281 Aut
1491 2236 1765 2292 exanimari,
1788 2247 2046 2284 metuentes

1437 2309 1612 2355 Pati-use
1630 2309 1826 2356 verbera
1851 2311 2034 2373 linguae.

1257 2392 1551 2441 —Tunc.¹...
1573 2403 1776 2442 euna...
1800 2388 1987 2441 Oratio
2005 2391 2231 2463 abrupta

1256 2467 1475 2520 affectui
1518 2469 1731 2521 satirico
1779 2470 2126 2524 conveniens.
2160 2502 2230 2513 -—

1255 2547 1514 2617 Ignoscite.
1529 2546 1868 2601 Concludens
1884 2550 2096 2603 satiram
2116 2570 2233 2603 om-

1256 2628 1387 2680 nino
1412 2648 1467 2681 se
1493 2630 1826 2700 scripturum
1843 2664 1860 2694 ‚
1882 2630 2092 2682 veniam
2119 2631 2231 2683 iro-

1256 2707 1376 2759 nice
1399 2706 1522 2761 facti
1543 2709 1916 2779 petit.--Nolo.
1938 2708 2101 2773 Quod
2120 2727 2230 2761 uno

1254 2788 1421 2840 verbo
1449 2800 1605 2859 negat
1629 2785 1981 2840 adversarius.
2011 2787 2074 2840 C.

1335 2884 1418 2918 12.
1446 2869 1580 2933 Quid
1581 2867 1844 2933 faciams’]
1868 2867 2021 2918 Inter
2041 2885 2230 2920 saxum

1261 2960 1315 2999 et
1350 2966 1561 2999 sacrum
1592 2946 1887 2999 collocatus
1905 2984 1922 3011 ‚
1960 2948 2103 3000 λύκου
2132 2956 2228 3001 τῶν

1260 3027 1396 3079 ὤτων
1436 3028 1532 3094 ἔχει
1552 3064 1568 3092 ,
1596 3026 1794 3096 lupum
1837 3026 2057 3081 auribus
2100 3027 2232 3082 salse

1258 3102 1416 3174 fingit
1439 3122 1494 3156 se
1519 3115 1738 3159 tenere:
1769 3102 1862 3156 sed
1899 3123 2012 3157 non
2047 3105 2142 3158 diu
2175 3107 2231 3159 in

1260 3184 1352 3237 illo
1373 3183 1598 3237 fluctuat
1619 3184 1726 3237 salo
1745 3204 1760 3253 ;
1781 3186 1958 3239 statim
1977 3187 2120 3239 enim
2143 3187 2234 3240 de-

1260 3265 1472 3330 cernit,
1509 3277 1561 3319 et
1603 3264 1668 3319 ad
1714 3267 1954 3337 priorem
1993 3282 2234 3323 mentem

1260 3346 1403 3401 redit
1428 3366 1440 3398 ε

1260 3436 1485 3481 Naturam
1503 3434 1708 3496 expellas
1732 3434 1864 3482 furca
1881 3470 1893 3493 ,
1913 3444 2064 3482 tamen
2084 3452 2232 3497 usqu·

1385 3515 1613 3551 recurret.

1261 3591 1451 3645 Horat.
1481 3592 1654 3663 Epist.
1686 3593 1780 3644 lib.
1820 3593 1848 3645 1
1872 3631 1888 3658 ,
1926 3610 2023 3656 10,
2058 3598 2231 3655 24.—

1261 3674 1510 3722 Petulanti
1539 3676 1711 3738 splene.
1751 3670 1972 3723 Factum
2005 3690 2060 3723 se
2093 3672 2170 3724 ait
2203 3692 2234 3725 a

1260 3748 1452 3806 natura
1465 3754 1856 3805 cachinnonem
1867 3764 1921 3803 et
1932 3756 2232 3823 σκωπτικὸν;

1260 3832 1444 3902 itaque
1479 3830 1607 3884 velit
1629 3867 1645 3896 ,
1684 3830 1918 3893 nolitve,
1954 3830 2131 3884 oblata
2171 3852 2233 3885 re

1263 3911 1503 3973 ridicula
1514 3910 1771 3963 continuo
1785 3911 1955 3962 risum
1971 3910 2069 3963 sibi
2085 3912 2233 3963 oriri.

1246 3992 1491 4046 ,Veteres
1532 4004 1714 4046 autem
1753 3989 1808 4043 in
1845 3990 2029 4065 splene
2057 3992 2230 4056 risus,
