2775 4619
559 406 642 484 14

1087 399 1169 464 Α.
1224 397 1592 463 PERSII
1651 397 2036 463 FLACCI

640 526 1001 593 Scribimus
1026 524 1258 588 inclusi
1274 571 1293 605 ,
1320 543 1626 588 numeros
1653 519 1762 590 ille
1779 569 1800 604 ‚
1823 522 1932 586 hic
1959 521 2124 612 pede
2149 524 2350 608 liber,

637 640 897 730 Grande
917 637 1193 730 aliquid,
1217 628 1398 727 quod
1423 637 1649 728 pulmo
1673 639 1904 702 animae
1927 639 2274 728 praelargus
2297 624 2581 705 anhelet.

1226 775 1879 819 Anvnnsslttus.

640 872 935 956 Scilicet,
962 872 1098 936 haec
1123 870 1373 962 populo
1391 917 1410 952 ,
1435 891 1768 958 pexusque
1792 869 2066 958 togaque
2092 870 2337 934 recenti
2352 918 2374 950 ,
2519 878 2580 932 15

550 1055 839 1126 iracundia
864 1068 923 1121 in
951 1064 1077 1120 felle
1094 1103 1111 1131 ‚
1138 1065 1333 1117 amoris
1362 1064 1420 1116 in
1443 1064 1522 1134 je-

549 1171 699 1213 core,
719 1147 1053 1220 pudorisque
1068 1147 1125 1198 in
1146 1147 1326 1198 fronte
1339 1143 1524 1196 sedem

546 1231 786 1306 posuisse
826 1228 1078 1281 omnibus
1116 1239 1409 1278 notum.-
1430 1228 1524 1276 Ca-

550 1307 878 1361 chinna-onis.
898 1303 1076 1356 Homo
1099 1299 1240 1354 risus
1260 1301 1526 1370 intempe-

547 1389 754 1440 rantior
772 1423 788 1450 ‚
810 1402 921 1457 quo
943 1382 1110 1438 verbo
1129 1381 1273 1434 solus
1292 1397 1423 1431 usus
1441 1390 1522 1431 est

548 1467 779 1520 Persius.
814 1467 873 1517 C.

626 1565 649 1600 1
660 1547 704 1598 3.
724 1547 983 1596 Scribimus
1000 1541 1205 1612 inclusi-J
1221 1537 1523 1610 Strepitum

549 1627 830 1699 fugientes.
849 1624 938 1676 Ait
954 1623 1148 1682 inclusi,
1169 1622 1296 1693 quia
1316 1633 1523 1673 secreto

550 1721 604 1760 et
622 1707 795 1759 libero
815 1705 881 1757 ab
902 1701 1116 1758 arbitris
1139 1702 1261 1754 loco
1282 1701 1521 1753 scriben-

550 1789 694 1841 tibus
721 1798 799 1840 est
819 1803 976 1858 opus.
1004 1783 1191 1836 Horat.
1214 1783 1387 1854 Epist.
1415 1781 1514 1833 lib.

546 1869 606 1921 11
626 1906 643 1932 ‚
676 1886 701 1919 a
724 1906 741 1933 ‚
771 1885 838 1938 77
864 1886 879 1918 ε
1382 1876 1390 1882 ’·

548 1954 838 2018 Scriptorum
850 1951 1017 2000 chorus
1030 1951 1180 1998 omnis
1193 1957 1317 1998 amat
1328 1964 1517 2013 nemus,

672 2036 721 2073 et
736 2025 859 2089 fugit
874 2026 1034 2072 urbes.

454 2124 458 2128 ’
550 2108 866 2155 —Numeros
894 2105 989 2155 ille.
1020 2099 1125 2154 Per
1153 2116 1410 2154 numeros
1435 2098 1522 2150 in-

538 2184 745 2255 -telligit
778 2183 1176 2236 versum—Hic
1204 2183 1332 2247 pede
1366 2183 1521 2240 liber,

546 2267 739 2332 grande
751 2265 956 2329 aliquid.
970 2261 1087 2313 Hoc
1100 2259 1524 2331 loco,designan-

551 2359 640 2397 tur
660 2343 895 2415 scoptice
916 2344 1365 2394 oratores—Pede
1380 2344 1520 2393 liber.

551 2429 598 2478 A
616 2426 731 2495 lege
763 2423 923 2478 metri
952 2422 1156 2475 solutus
1191 2432 1391 2473 orator.
1420 2420 1484 2471 P.

630 2512 714 2569 14.
754 2507 954 2557 Grande
992 2500 1235 2570 aliquid-1
1280 2498 1524 2552 Sublime

550 2583 769 2638 dicendi
789 2602 957 2655 genus
984 2581 1143 2634 etiam
1165 2577 1367 2651 grande
1386 2576 1525 2631 dici·

554 2668 887 2731 tura—Quod
891 2667 1061 2731 pulmo
1072 2664 1352 2729 proeIargus
1375 2661 1527 2709 anhe-

548 2750 634 2799 let.
676 2744 840 2811 Quod
871 2764 997 2797 cum
1032 2742 1303 2806 anhelitu,
1332 2752 1385 2793 et
1413 2758 1525 2791 non

550 2828 665 2881 sine
704 2826 884 2879 labore
916 2836 970 2878 et
994 2822 1280 2877 vexatione
1305 2820 1526 2893 pulmo-

553 2908 639 2960 nis
665 2912 789 2960 ae're
818 2919 873 2960 et
890 2916 1052 2960 vento
1086 2903 1307 2956 distenti
1334 2900 1525 2953 recite-

553 3006 693 3039 mus».
716 2986 953 3039 Videtur
976 2996 1158 3038 autem
1184 2980 1398 3033 Persius
1423 2997 1524 3032 no-

550 3078 662 3119 tare
676 3064 1195 3137 grandiloquentiam
1206 3064 1525 3125 affectatam,

550 3146 908 3217 periodorum
926 3146 1214 3207 ambitum,
1236 3157 1290 3197 et
1317 3142 1528 3213 ampul-

551 3226 710 3281 latam
729 3224 1106 3299 turgidamque
1126 3224 1438 3277 orationem.
1457 3224 1523 3275 A.

630 3306 709 3361 15.
758 3309 951 3358 Scilicet
989 3308 1094 3356 hoec
1131 3308 1316 3373 populo
1337 3341 1354 3364 ,
1392 3302 1518 3375 eta]

553 3388 769 3441 Primus
788 3388 1145 3459 interpretum
1168 3386 1283 3439 haec
1304 3403 1332 3436 a
1354 3404 1402 3437 v.
1429 3384 1490 3436 15
1505 3422 1520 3447 ‚

550 3488 725 3542 usque
758 3465 826 3520 ad
862 3485 923 3520 21
944 3505 960 3532 ,
978 3465 1278 3520 adversario
1312 3464 1480 3517 tribui
1502 3499 1519 3531 ,

549 3570 663 3605 non
684 3550 799 3602 sine
820 3565 1005 3613 causa3
1027 3566 1181 3611 nam,
1207 3564 1276 3599 ne
1300 3544 1369 3597 de
1394 3546 1522 3597 isto·

548 3649 673 3682 rum
690 3630 880 3703 loquar
891 3646 1150 3682 versuum
1167 3626 1225 3678 in
1244 3645 1337 3679 ore
1351 3626 1524 3679 Persii

548 3710 911 3784 discrepantia
967 3728 1094 3762 cum
1158 3707 1522 3762 antecedenti·

547 3792 649 3844 bus
690 3807 743 3845 et
775 3790 1257 3864 consequentibus,
1286 3810 1406 3862 quae
1432 3808 1520 3843 me

549 3874 763 3944 semper
774 3872 1029 3937 offendit,
1044 3889 1320 3943 quamque
1334 3870 1520 3923 nullus

548 3951 603 4002 in'
610 3962 911 4021 terpretnm
924 3952 1145 4005 sensisse
1155 3948 1375 4006 videtur
1386 3968 1403 4017 3
1421 3968 1520 4023 ego

544 4030 607 4082 in
634 4030 717 4082 his
744 4032 918 4088 verbis
949 4032 1015 4093 ab
1050 4032 1434 4094 enthusiastico
1465 4033 1520 4085 e't

1602 1063 1772 1116 stulto
1799 1060 2258 1133 sesquipedalium
2279 1063 2582 1118 verborum

1603 1155 1658 1195 et
1711 1143 2075 1212 ampullarum
2127 1156 2394 1196 sectatore
2451 1163 2583 1196 cum

1604 1223 1940 1294 ingenuitate
1993 1222 2227 1294 quadam
2273 1225 2582 1298 emphatice

1603 1303 2009 1375 pronunciatis,
2029 1305 2164 1378 quin
2193 1317 2245 1357 et
2273 1304 2330 1356 in
2355 1305 2584 1378 publice

1603 1385 1954 1438 recitantium
2013 1401 2178 1456 opera
2238 1403 2332 1438 sua
2387 1391 2584 1456 poeta-

1599 1482 1727 1515 rum
1745 1463 2054 1535 sumptibus
2074 1475 2129 1516 et
2147 1477 2411 1536 apparatu
2429 1465 2585 1536 quasi

1603 1541 1868 1596 delirante
1905 1543 2094 1598 vetulo
2109 1582 2125 1608 ,
2154 1544 2266 1596 vim
2311 1545 2585 1598 satiricam

1602 1626 1775 1678 inesse
1795 1643 1861 1677 eo
1880 1627 2140 1698 majorem
2163 1641 2291 1677 reor
2303 1663 2319 1690 ,
2341 1625 2496 1697 quod
2515 1627 2583 1678 ab

1602 1725 1699 1758 ore
1728 1705 1904 1758 alieno
1935 1704 2365 1778 proficiscuntur
2386 1744 2403 1769 ‚
2425 1709 2584 1778 juxta

1598 1786 1750 1838 hunc
1782 1803 1992 1838 morem
2031 1784 2259 1838 satiricis
2299 1785 2586 1838 usitatissi-

1597 1883 1748 1918 mum
1764 1903 1780 1928 ‚
1805 1865 1934 1936 qui,
1962 1877 2024 1917 ut
2044 1865 2306 1918 libentius
2323 1865 2382 1916 in
2403 1865 2583 1918 homi-

1596 1965 1735 1999 num
1757 1945 2184 1998 imbecillitatem
2207 1945 2374 1998 bilem
2399 1941 2586 1997 effun-

1601 2025 1767 2090 dant,
1788 2025 2136 2078 insulsissima
2167 2037 2221 2077 et
2251 2025 2485 2079 maxime
2507 2026 2583 2076 ri-

1603 2104 1784 2159 dicula
1811 2105 1981 2157 cuivis
2007 2104 2169 2157 tertio
2198 2103 2491 2164 tribuunt,
2519 2116 2587 2157 ut

1602 2184 1831 2238 Horatio
1870 2202 2008 2257 saepe
2049 2183 2244 2255 saepius
2271 2221 2288 2244 ,
2327 2183 2362 2235 J
2368 2201 2401 2235 u
2410 2183 2586 2236 venali

1599 2265 1898 2337 pra-sertim
1916 2265 1972 2318 in
1989 2282 2132 2317 nona
2145 2264 2325 2328 satira,
2339 2261 2446 2317 hoc
2459 2263 2585 2317 loco

1601 2347 1784 2401 Persio
1803 2347 2016 2401 accidit.
2033 2346 2252 2417 Optima
2273 2346 2446 2417 igitur
2457 2344 2588 2407 fide,

1602 2442 1657 2483 et
1675 2430 1815 2489 serio
1837 2428 1999 2483 simul
2018 2428 2128 2499 agit
2147 2426 2484 2482 adversarius
2503 2426 2590 2479 dia

1601 2526 1730 2563 cens
1757 2526 1769 2559 z
1803 2511 1987 2561 scilicet
1999 2544 2017 2571 ,
2055 2506 2146 2560 illa
2163 2546 2180 2572 ,
2219 2520 2284 2560 ut
2321 2524 2486 2577 supra
2506 2544 2522 2569 ‚
2553 2508 2588 2556 ὅ

1603 2608 1748 2641 cut-as
1765 2590 2014 2639 hominum
2030 2625 2047 2649 ,
2065 2602 2157 2637 ecc.
2181 2586 2252 2638 Et
2271 2585 2414 2639 infra
2429 2624 2446 2650 ‚
2470 2589 2587 2635 scri-

1605 2671 1760 2719 bimus
1779 2668 1977 2727 inclusi,
1997 2681 2112 2727 ecc„
2131 2665 2190 2718 id
2209 2677 2288 2717 est
2301 2702 2318 2731 ‚
2331 2681 2588 2732 praecepta

1604 2749 1814 2800 inor-alia
1831 2762 1883 2798 et
1896 2739 2181 2806 Platonica}
2201 2764 2370 2796 coram
2379 2749 2588 2812 populo,

1601 2846 1759 2894 pexus
1785 2842 1838 2879 et
1859 2830 2054 2878 indueus
2076 2825 2192 2893 togd
2220 2825 2431 2885 recenti,
2461 2825 2590 2877 reci-

1605 2909 1727 2959 tabis
1738 2945 1755 2968 ,
1772 2920 1859 2959 etc.
1873 2905 2138 2978 Sequitur
2150 2904 2449 2975 descriptio
2463 2904 2585 2957 sati-

1603 2988 1714 3041 rica
1732 2988 2022 3061 apparatus
2040 3026 2056 3051 ‚
2079 3004 2244 3059 quem
2267 2984 2326 3038 in
2351 2985 2584 3038 recitan-

1606 3066 1689 3121 dis
1706 3067 1964 3140 operibus
1983 3066 2094 3119 suis
2111 3063 2444 3117 adhibebant
2459 3071 2589 3135 poe-

1603 3160 1690 3213 tae3
1703 3148 1850 3200 vocis
1859 3148 2037 3199 fractae
2049 3158 2104 3198 et
2117 3143 2443 3197 effeminatae
2452 3144 2588 3195 reci-

1605 3227 1838 3280 tantium
1855 3226 2030 3296 imago
2045 3244 2060 3290 ;
2077 3224 2256 3277 stultas
2275 3222 2586 3276 admiratio-

1605 3306 1689 3358 nis
1706 3306 1932 3376 populi,
1951 3304 2181 3377 quinon
2200 3304 2303 3356 nisi
2325 3303 2584 3359 mollibus

1601 3398 1655 3439 et
1673 3381 1882 3439 lascivis
1900 3386 2153 3457 plausum
2173 3382 2509 3438 concedebat
2530 3394 2585 3435 et

1600 3467 1884 3538 favorem,j
1895 3478 2009 3519 usta
2023 3478 2076 3518 et
2098 3482 2280 3519 severa
2294 3464 2587 3535 reprehen-

1600 3549 1708 3601 sio:
1733 3566 1854 3620 quae
1869 3547 2049 3600 omnia
2063 3586 2079 3615 ,
2100 3545 2202 3599 sub
2223 3545 2404 3616 specie
2418 3543 2588 3596 admi-

1601 3626 1828 3681 rationis
1856 3625 2034 3679 stultae
2069 3624 2352 3698 proposita
2384 3624 2452 3675 ab
2485 3623 2585 3676 ad·

1600 3707 1854 3769 versat-in,
1875 3720 1938 3759 ut
1957 3724 2122 3778 supra
2141 3704 2279 3767 dixi,
2294 3703 2344 3755 ei
2356 3720 2587 3774 respon·

1598 3807 1720 3841 sum
1733 3788 1860 3851 hoc,
1874 3808 1923 3841 v.
1945 3807 2033 3852 aa,
2052 3798 2360 3848 merentur,
2379 3786 2488 3834 eun'
2501 3804 2592 3834 ve-

1600 3871 1716 3929 tule,
1727 3870 2094 3929 eta—Scilicet.
2108 3866 2336 3918 Ironicae
2351 3866 2408 3916 in
2416 3878 2588 3917 terro-

1597 3950 1826 4021 gationis
1844 3949 2076 4021 signum.
2092 3946 2316 4008 Gallice,
2334 3948 2457 4007 Oui,
2473 3964 2590 3995 sans
2627 3990 2644 4017 s

1597 4035 1959 4087 doute-Hac.
1978 4028 2048 4085 Id
2069 4042 2147 4086 est
2161 4068 2179 4099 ‚
2201 4028 2386 4085 satiras
2403 4064 2420 4096 ,
2443 4044 2586 4099 pra:-
