2775 4619
598 448 733 517 EX
780 450 1083 517 LIBRO
1141 446 1454 515 XXVII
1497 445 1822 516 SATIR.
2061 452 2220 541 ‘293

1032 559 1093 634 x
1110 578 1169 633 x
1182 576 1235 632 v
1248 578 1278 632 1
1298 576 1327 631 1
1345 575 1394 631 1.

248 638 601 733 Consilium
628 672 831 751 patriae
851 714 871 745 ,
897 672 1219 752 legumque
1250 671 1530 731 oriunda·
1561 684 1814 751 rogator.

1062 771 1122 826 X
1138 770 1198 825 X
1214 770 1243 825 1
1260 773 1338 828 X.
1707 824 1712 829 .

259 864 445 927 Certa
472 876 611 925 sunt
635 867 759 926 sine
786 864 1136 950 detrimento
1158 908 1175 937 ,
1202 886 1335 943 quae
1367 866 1522 925 inter
1547 886 1608 926 se
1634 865 2032 927 commodent.

1096 966 1160 1023 X
1174 966 1237 1021 X
1253 964 1330 1021 X.
1485 976 1492 981 ·

268 1060 339 1119 si
362 1060 539 1119 facies
563 1072 799 1140 praestat
822 1060 969 1119 facie
984 1102 1002 1133 ‚
1029 1060 1077 1117 si
1108 1078 1355 1138 corpore
1386 1078 1623 1139 corpus.

1064 1158 1123 1214 X
1142 1161 1203 1216 X
1219 1160 1279 1215 X
1296 1159 1345 1213 1.

260 1256 512 1315 parcant
531 1252 619 1312 illi
645 1253 829 1333 magis
850 1254 947 1313 cui
968 1253 1195 1333 possint
1209 1297 1227 1324 ,
1256 1253 1356 1311 cui
1380 1251 1563 1312 fidem
1588 1271 1713 1312 esse
1740 1252 2088 1314 existiment.

1034 1351 1101 1408 X
1116 1353 1177 1409 X
1193 1351 1253 1407 X
1268 1353 1298 1407 Ι
1316 1352 1364 1407 Ι.

1414 1446 1776 1505 cumsciam

226 1568 231 1575 ·
258 1542 435 1603 Nihil
464 1564 591 1603 esse
619 1545 681 1603 in
704 1544 825 1602 'vita
850 1544 1161 1624 proprium
1187 1542 1426 1602 mortali
1453 1542 1678 1603 datum.

1017 1644 1077 1699 X
1094 1644 1155 1701 X
1172 1644 1233 1701 X
1248 1644 1278 1699 Ι
1295 1644 1325 1698 I
1342 1645 1392 1699 Ι.

264 1736 513 1797 Fuimus
539 1738 803 1817 pernices
817 1780 836 1809 ‚
864 1750 1147 1798 aeternum
1175 1737 1239 1795 id
1267 1736 1444 1797 nobis
1467 1750 1763 1816 sperantes
1779 1738 1938 1801 fot-e.

1044 1838 1105 1894 X
1121 1839 1182 1895 X
1198 1837 1258 1892 X
1274 1838 1303 1892 1
1315 1839 1389 1892 V.

266 1931 527 2011 Lignum
546 1932 727 1991 caedat
740 1976 759 2007 ,
784 1918 1037 2011 pensum
1061 1932 1235 1990 faciat
1248 1975 1269 2004 ‚
1296 1932 1473 1991 aedeis
1491 1944 1680 1991 verrat
1699 1976 1717 2005 ,
1745 1930 2022 2012 vapulet.·
2143 1932 2147 1937 ’

1045 2030 1351 2087 xxxv.
2059 2014 2066 2020 ‘

270 2125 339 2190 si
360 2136 555 2185 tamen
575 2125 690 2185 hoc
716 2126 797 2185 ad·
819 2137 877 2186 te
903 2146 1024 2186 non
1050 2124 1261 2184 redivit
1280 2168 1299 2197 ‚
1321 2125 1437 2184 hoc
1463 2126 1686 2185 carebis
1699 2126 2042 2187 commodo.

1038 2226 1098 2281 X
1115 2226 1175 2281 X
1192 2225 1251 2280 X
1262 2227 1316 2283 V
1328 2225 1376 2280 Ι.

272 2320 469 2380 Trado
492 2341 632 2401 ergo
655 2320 797 2390 alias
820 2320 1067 2381 minimo
1098 2341 1273 2400 porro
1292 2363 1311 2394 ,
1337 2321 1505 2400 quod
1532 2309 1681 2382 mihi*
1705 2330 1858 2382 cons
1909 2333 1942 2382 t·
1961 2322 2172 2384 carius.

976 2449 987 2460 s
1010 2421 1071 2477 X
1086 2422 1146 2478 X
1163 2421 1286 2478 XV
1300 2423 1331 2477 Ι
1348 2423 1398 2477 Ι.

262 2517 469 2574 Metuo
492 2527 561 2573 ut
586 2515 713 2574 fieri
738 2515 956 2596 possit3
986 2535 1216 2594 egoque
1242 2503 1320 2574 ab
1344 2515 1706 2577 Archilocho
1734 2517 1963 2577 excido.

963 2614 1244 2670 xxxv
1263 2615 1404 2670 111.
2045 2595 2050 2598 ’

277 2711 471 2781 Quam
497 2726 619 2765 non
646 2707 841 2765 solum
869 2706 1147 2766 devorare
1178 2727 1238 2766 se
1266 2709 1466 2767 omnia
1489 2728 1556 2768 ac
1583 2709 1909 2768 deverrere.

1027 2805 1091 2862 X
1105 2805 1167 2860 X
1184 2806 1243 2888 X
1258 2807 1289 2862 I
1307 2805 1389 2862 X.

271 2891 307 2960 j
308 2919 403 2958 am
425 2901 546 2978 qua
566 2910 909 2978 tempestate
929 2899 1063 2958 vivo
1091 2912 1251 2958 certo
1281 2900 1398 2959 fine
1424 2900 1499 2960 ad
1527 2920 1622 2960 me
1648 2901 1890 2978 recipio.

1132 2999 1195 3056 X
1210 3001 1278 3055 L.

260 3097 339 3156 Et
364 3092 414 3153 si
437 3111 711 3153 maxume
726 3136 744 3165 ,
768 3091 935 3170 quod
962 3111 1133 3170 spero
1148 3134 1165 3165 ,
1192 3106 1471 3153 mutuum
1498 3094 1614 3154 hoc
1641 3113 1880 3153 mecum
1905 3093 2069 3155 facis.

252 3283 347 3331 ⁵8.
368 3281 593 3331 Nonius:
617 3294 793 3343 mgare
804 3308 823 3338 ,ς
843 3278 1120 3328 instituere.
1322 3280 1407 3330 35.
1444 3279 1646 3329 Nonius
1666 3267 1679 3330 ἑ
1707 3283 1880 3332 Redire
1913 3283 2225 3334 manifestam

265 3366 350 3426 29.
364 3361 590 3412 Nonius:
607 3359 945 3418 Cornmodaoe,
964 3370 1039 3410 est
1058 3376 1173 3410 mu·
1248 3357 1402 3408 habet
1428 3359 1823 3426 significantiam.

194 3455 350 3494 tuate.
1050 3501 1055 3510 .
1321 3441 1406 3488 36.
1426 3439 1650 3490 Nouius:
1674 3440 1896 3500 Constat,
1917 3441 2048 3497 valet
2060 3476 2077 3498 ,
2098 3456 2223 3490 con-

265 3525 350 3573 30.
380 3521 515 3571 Non.
549 3523 793 3570 Prceseare
810 3555 827 3578 ,
853 3519 1168 3568 antecellere.
1248 3520 1396 3571 sistit.

268 3605 351 3652 31.
370 3602 597 3651 Nonius:
621 3602 828 3650 Parcet-e
838 3635 857 3658 ‚
879 3615 1088 3649 servare.
1326 3603 1410 3662 37.
1432 3599 1658 3649 Nonius:
1678 3599 1932 3658 Ero-idm,
1950 3600 2229 3650 dissentire.
2269 3611 2276 3618 ·

266 3685 351 3732 32.
391 3681 591 3730 Nonius
622 3696 634 3728 z
674 3681 961 3747 Proprium,
996 3695 1175 3748 perpe·
1328 3683 1416 3731 38.
1437 3681 1662 3732 Nonius:
1689 3679 1906 3740 Vertere,
1925 3679 2232 3746 ferire,per-

197 3777 361 3886 mg?-
397 3836 597 3886 Nonius
630 3853 643 3883 τ
683 3836 869 3886 Per-nix
920 3836 1173 3904 significat
1253 3772 1659 3905 engegflffonius:
1685 3839 1952 3904 Tempestas
1974 3847 2048 3886 est
2073 3837 2228 3887 turbo

195 3917 344 3968 celer.
1250 3933 1538 3974 ventorum.
1919 3987 1926 3992 ι

266 3997 353 4052 34·
390 3992 593 4043 Nonim
619 4009 633 4042 ²
672 3992 895 4052 coedm,
924 3995 1173 4050 excidere.
1326 4003 1409 4052 4ο.
1444 3993 1672 4047 Nonius:
1700 3991 1922 4045 mamm
1935 4025 1962 4052 ‚
1987 4005 2084 4058 pro
2116 4006 2234 4041 mn-

196 4075 366 4128 Idem:
401 4074 451 4121 V
444 4089 599 4124 errem
610 4107 629 4132 ,
656 4073 919 4142 mundare²
1256 4084 1367 4124 tuo.
