2775 4619
780 348 784 352 ’
839 380 1234 449 εΑΤῙῙιΑ
1291 382 1374 449 v.

2027 382 2147 447 123

197 514 499 580 Permisit
523 511 825 601 sparsisse
849 510 1078 575 oculos
1102 512 1236 597 jam
1265 506 1587 587 candidus
1614 508 1818 571 umbo
1838 530 1857 588 ;

195 632 489 718 cumque
511 629 638 693 iter
663 626 1046 716 ambiguum
1071 642 1170 690 est
1185 672 1204 706 ‚
1227 640 1298 690 et
1311 624 1464 689 vitae
1490 623 1746 688 nescius
1766 644 1951 688 error

195 745 462 810 Diducit
485 737 772 832 trepidas
797 761 1049 805 ramosa
1080 741 1158 833 5¹¹.
1179 740 1468 828 compi-ta
1495 754 1743 804 mentes
1762 786 1783 820 ‚
2080 743 2145 798 35

197 862 304 925 Me
329 861 455 925 tibi
480 859 836 949 supposui:
869 874 1124 923 teneros
1152 872 1228 920 tu
1255 856 1521 944 suscipis
1548 877 1755 919 annos

199 975 521 1041 Socratico
542 1022 562 1057 ‚
593 975 911 1056 Cornum,
935 974 1121 1037 sinu:
1154 984 1314 1035 tunc
1331 1019 1349 1053 ,
1377 970 1599 1037 fallere
1626 967 1865 1051 solers,

123 1169 174 1220 in
200 1168 296 1221 hac
326 1171 515 1221 Romae
554 1149 708 1240 parte
749 1180 904 1220 erant
931 1167 1089 1237 lupa-

121 1250 252 1302 naria
285 1262 340 1302 et
371 1250 700 1303 meretrices.
721 1247 856 1300 vid.
885 1248 1082 1301 Juven.

121 1341 206 1381 sat.
229 1331 314 1383 III
333 1367 350 1393 ‚
369 1351 430 1382 v.
464 1330 520 1382 5.
547 1328 613 1381 C.

185 1410 262 1462 33.
286 1413 557 1479 sparsisse]
576 1408 908 1461 Perlustrare
923 1446 942 1469 ,
965 1425 1086 1478 per-

121 1491 295 1562 vagari.
312 1522 382 1531 —
405 1493 656 1543 Candidus
689 1492 854 1540 umbo.
891 1513 912 1535 ι
936 1488 1085 1559 Toga

126 1596 146 1617 ι
164 1571 318 1624 virilis
333 1609 352 1636 ‚
371 1568 561 1642 inquit
585 1569 808 1621 Casauh.
832 1568 954 1620 alba
971 1579 1085 1619 erat

126 1673 145 1693 ι
162 1649 264 1701 sine
275 1666 540 1720 purpura.
561 1650 712 1697 Umbo
727 1661 856 1715 εοεαε
867 1657 948 1698 est
963 1663 1086 1699 cen-

126 1753 144 1773 «
163 1740 296 1781 trum
313 1729 586 1800 plicarum
603 1727 660 1779 in
679 1739 816 1799 toga.
831 1726 919 1779 Sic
938 1726 1085 1779 enim

126 1832 144 1851 ι
164 1807 450 1861 lautiorum
471 1822 594 1879 toga
615 1808 1048 1879 componebatur
1063 1844 1082 1871 ,

64 1922 70 1941 ι
128 1916 146 1935 ι
167 1902 222 1941 ut
241 1903 497 1963 corrupta
521 1891 581 1942 in
607 1892 780 1943 multa
801 1890 1083 1961 πτύγμα-τα.

127 1994 144 2013 ι
164 1969 324 2041 clypei
339 1971 580 2043 speciem
598 1970 900 2041 praeheret3
923 1971 1081 2039 cujus

126 2073 144 2091 ι
164 2063 400 2103 centrum
417 2050 648 2123 proprie
661 2050 967 2121 appellatur
981 2070 1081 2101 um-

126 2151 144 2171 «
163 2130 230 2179 bo.
249 2153 268 2173 ι
291 2126 424 2181 vid.
453 2140 657 2181 statuas
683 2127 932 2197 antiquas
958 2128 1080 2181 Mu-

122 2208 196 2258 saei
215 2208 455 2261 Parisini.

181 2288 261 2353 34.
289 2293 508 2358 Cumque
541 2293 635 2342 iter
665 2292 950 2362 ambiguum
978 2304 1075 2352 est,

119 2371 216 2441 eta]
232 2372 472 2443 Respicit
491 2369 559 2423 ad
579 2369 816 2422 fabulam
826 2371 1076 2425 Herculis

121 2447 352 2504 Prodicii.
373 2451 508 2504 vid.
531 2451 644 2504 Cic.
669 2450 768 2502 lib.
791 2452 818 2503 1
834 2489 852 2516 ,
871 2449 942 2504 de
960 2451 1076 2504 Off.

121 2531 381 2580 —Etw‘toe
405 2531 598 2580 nescius
623 2547 782 2579 error.
803 2527 880 2580 Ut
897 2528 1077 2598 philo-

121 2607 287 2677 sophia
305 2609 428 2662 vitae
459 2608 714 2678 magistra
739 2620 824 2661 est
849 2608 996 2676 (Cic.
1023 2620 1078 2660 et

119 2685 342 2757 Senem),
359 2690 436 2742 ita
455 2689 626 2760 hujus
643 2689 980 2742 contrarium
999 2701 1080 2745 est

122 2785 242 2817 error
271 2772 394 2820 victe
435 2771 656 2830 nescius,
683 2767 750 2820 id
784 2780 864 2822 est
879 2805 896 2833 ,
925 2769 1079 2840 igno·

119 2848 270 2902 tantia
291 2868 490 2902 eorum
516 2867 639 2920 quse
670 2846 990 2902 conducunt
1012 2847 1081 2902 ad

121 2939 242 2980 recte
263 2930 536 3002 beateque
556 2927 878 2984 vivendum.
908 2929 973 2981 C.

180 3007 258 3060 35.
303 3014 555 3079 Trepidas.
573 3047 612 3061 ..
631 3047 644 3060 .
669 3013 886 3078 mentes]
919 3009 1081 3061 Anci·-

120 3085 238 3158 pites
258 3129 274 3156 ‚
314 3090 510 3146 dubias
530 3130 549 3157 ‚
595 3091 891 3144 titubantes
939 3091 1082 3144 inter

1166 1165 1298 1221 vitia
1317 1178 1372 1218 et
1385 1166 2010 1219 virtutem.--Ramosa.in
2024 1187 2154 1229 epm-

1156 1250 1286 1314 piea.
1305 1246 1443 1311 Quoe
1463 1246 1663 1297 multas
1682 1246 1741 1299 in
1760 1245 1875 1307 vias
1892 1244 2153 1299 scindunt

1163 1345 1222 1379 se
1236 1365 1253 1392 ,
1274 1339 1338 1378 ut
1356 1340 1585 1378 truncus
1606 1326 1665 1379 in
1690 1344 1885 1379 ramos.
1909 1326 2011 1379 Hic
2030 1346 2151 1379 rur-

1165 1426 1256 1461 sus
1268 1406 1466 1459 alludit
1479 1405 1547 1458 ad
1562 1406 1797 1459 litteram
1811 1406 2148 1480 Pythagorae,

1163 1484 1234 1539 de
1255 1505 1363 1559 qua
1381 1484 1493 1538 vid.
1513 1498 1609 1539 sat.
1628 1488 1720 1539 111
1739 1525 1756 1552 ‚
1781 1507 1835 1540 v.
1861 1486 1949 1539 56.
1979 1488 2042 1539 A.

1236 1567 1318 1621 36.
1343 1573 1425 1619 Me
1451 1570 1544 1618 tihi
1564 1570 1827 1636 supposui]
1846 1568 1946 1619 Illa
1964 1578 2113 1621 aetnte
2131 1606 2149 1633 ,

1161 1667 1250 1703 me
1275 1648 1374 1701 tibi
1398 1648 1805 1701 instituendum
1830 1648 2075 1713 exhibui.

1237 1728 1320 1800 37.
1341 1732 1678 1780 Socratica...
1698 1729 1845 1799 sium]
1872 1728 2149 1799 Excepisti

1162 1826 1250 1863 me
1279 1809 1339 1861 in
1370 1821 1523 1861 tuam
1554 1807 1927 1881 disciplinam,
1956 1808 2152 1861 morali

1162 1888 1510 1961 philosophia
1554 1900 1611 1941 et
1658 1887 1959 1950 stoicorum
2006 1906 2147 1957 prae-

1157 1968 1328 2041 ceptis
1357 1967 1753 2021 imbuendum:
1782 1966 2042 2038 excepisti
2058 1986 2149 2020 me

1160 2068 1273 2101 non
1309 2048 1496 2101 studio
1536 2049 1716 2102 solum
1749 2060 2015 2119 paterno,
2050 2046 2149 2099 sed

1162 2129 1312 2201 quasi
1341 2143 1589 2182 materno
1624 2129 1831 2181 affectu
1859 2126 2149 2181 blandiens

1159 2222 1213 2263 et
1256 2209 1594 2266 demulcens.
1646 2209 1762 2263 Cur
1806 2222 1989 2261 autem
2028 2224 2150 2259 seooe

1157 2291 1503 2365 disciplinam
1530 2304 1689 2346 vocet
1720 2290 2065 2354 socraticam,
2088 2309 2150 2344 ea

1159 2387 1240 2428 est
1274 2376 1415 2428 ratio
1438 2391 1455 2422 τ
1486 2393 1687 2446 nempe
1724 2373 1961 2428 Socratis
1987 2371 2150 2424 disci-

1157 2451 1324 2523 pulus
1351 2453 1461 2504 fuit
1486 2451 1865 2515 Antisthenes,
1888 2450 1986 2521 qni
2016 2449 2150 2502 Dio-

1157 2547 1355 2600 genem
1408 2528 1651 2582 instituit
1690 2548 1708 2594 ;
1758 2528 1912 2580 hunc
1962 2527 2149 2580 Crates

1157 2609 1450 2661 Thebanus
1492 2608 1743 2675 audivit3
1783 2601 1892 2660 hic'
1923 2605 2148 2659 demum

1159 2688 1397 2744 erudivit
1416 2692 1696 2743 Zenonem
1712 2727 1727 2754 ‚
1750 2689 1946 2742 scholae
1966 2688 2149 2740 stoicae

1159 2766 1541 2834 conditorem;
1569 2765 1719 2820 unde
1744 2765 1930 2828 stoici,
1951 2779 2015 2817 ut
2036 2765 2151 2836 pri-

1159 2867 1315 2903 mum
1337 2861 1493 2901 sectae
1519 2866 1628 2900 suae
1652 2857 1967 2918 parentem,
1990 2863 2150 2916 agno-

1161 2940 1360 2982 verunt
1383 2927 1694 2980 Socratem:
1719 2937 1980 2998 praeterea
1998 2959 2013 2989 ‚
2038 2937 2148 2976 tota

1162 3009 1378 3062 moralis
1397 3007 1683 3080 disciplina
1699 3045 1715 3071 ‚
1739 3024 1902 3077 quam
1924 3005 2149 3078 proprie
2238 3077 2241 3082 Ι

1161 3089 1364 3144 Seneca
1406 3089 1607 3160 aliique
1647 3087 2007 3160 philosophiae
2048 3105 2149 3138 no·

177 3261 237 3308 V.
259 3263 339 3319 34.
364 3263 584 3326 Cicmque
606 3262 700 3310 iter
716 3261 1004 3328 ambiguum
1021 3273 1109 3311 est.
1137 3262 1205 3314 Τὸ
1229 3273 1325 3320 est,
1345 3260 1530 3310 inutile
1552 3271 1602 3308 et
1618 3259 2001 3310 incommodum
2014 3275 2150 3324 ‚pene

120 3339 424 3404 crediderim,
441 3355 496 3392 et
523 3343 626 3392 hoc
661 3343 777 3392 loco
809 3343 1054 3393 insertum
1081 3343 1230 3391 metri
1255 3358 1443 3400 causa3
1469 3341 1610 3406 quod
1638 3357 1745 3390 non
1776 3341 1902 3390 adeo
1930 3351 2032 3388 erat
2062 3356 2148 3387 ne-

119 3433 257 3470 cesse:
274 3440 390 3472 nam
408 3425 490 3474 vel
509 3425 712 3490 optimis
727 3425 890 3489 poetis
907 3424 1089 3474 accidit
1100 3459 1115 3484 ‚
1134 3435 1194 3472 ut
1210 3441 1397 3473 caesura
1416 3435 1534 3488 post
1552 3423 1835 3472 secundum
1850 3422 2029 3488 pedem
2044 3437 2148 3468 non

119 3500 339 3563 elidatur,
361 3516 414 3553 et
447 3521 564 3569 quie
601 3504 772 3552 brevis
806 3515 880 3552 est
918 3505 1070 3570 longa
1097 3503 1216 3564 fiat3
1241 3503 1386 3570 qnod
1415 3503 1655 3552 omnibus
1683 3515 1865 3552 notum
1895 3513 1999 3550 cst:
2026 3517 2150 3566 prae·
2184 3491 2191 3502 ⁸

123 3587 260 3641 terea,
281 3597 354 3632 esc
372 3597 522 3634 vacat
551 3585 606 3634 id
628 3595 804 3634 nostro
834 3585 948 3634 cod.
977 3596 1030 3634 et
1053 3585 1110 3634 in
1133 3587 1182 3632 V
1199 3585 1328 3634 aliis.

177 3678 236 3724 V.
263 3681 340 3728 35.
369 3681 587 3730 Diducc’t.
613 3684 688 3730 Ita
715 3681 863 3730 codd.
885 3682 1083 3746 optimi.
1101 3683 1170 3730 At
1191 3682 1400 3732 dimidia
1430 3698 1547 3747 pars
1580 3680 1729 3733 codd.
1758 3679 1911 3726 habet
1938 3675 2146 3724 deducit.

123 3755 284 3806 Endem
299 3762 514 3810 varietas
531 3771 695 3810 exstat
713 3763 850 3827 apud
867 3765 900 3811 J
901 3778 1049 3811 nven.
1071 3773 1164 3812 sat.
1183 3766 1208 3812 1
1222 3797 1237 3822 ,
1257 3779 1305 3810 v.
1333 3763 1397 3810 15
1403 3779 1449 3824 7.
1465 3760 1785 3825 -Coaenpicm
1805 3757 1930 3807 Cod.
1952 3765 2149 3812 nostem

123 3833 242 3885 devia
255 3857 272 3886 .·
296 3841 382 3889 sed
395 3841 508 3890 haec
527 3841 680 3890 lectio
705 3843 918 3906 glossam
943 3833 1164 3892 redolet’

177 3935 234 3980 V.
260 3938 340 3986 36.
365 3937 625 4002 Supposui.
654 3942 728 3987 Ita
749 3939 898 3988 codd.
924 3940 1101 3988 nostri.
1125 3940 1383 4006 Bongarsii
1419 3940 1531 3988 cod.
1564 3957 1591 3988 a
1614 3935 1914 3991 casaubono
1940 3934 2119 3984 citatus
2138 3963 2152 3988 ‚

125 4009 251 4064 habet
269 4018 492 4092 seposuig
511 4027 564 4069 et
590 4019 818 4093 apposita
845 4030 920 4069 est
939 4021 1103 4087 glossa
1120 4055 1134 4081 ,
1155 4022 1228 4072 ad
1244 4033 1290 4072 te
1307 4019 1574 4086 segregari.
