2775 4619
520 486 653 554 ‘AD
722 482 1261 553 SULPICIAE
1324 482 1798 548 SATIRAM.
1912 562 1914 565 y
2037 482 2166 549 2-13

478 614 700 684 (Caetera
726 627 835 679 quae
861 613 1067 677 imperia
1084 645 1097 669 ‚
1115 620 1168 659 et
1195 620 1359 658 totum
1391 610 1544 658 simul
1567 609 1774 659 abstulit
1797 606 2002 675 orbem)

482 699 547 743 In
571 696 693 743 freta
720 695 927 744 Sicaniae
942 729 956 752 ‚
984 704 1034 741 et
1059 691 1373 757 Carthaginis
1400 692 1526 739 exiit
1551 707 1714 749 arces,

483 777 679 825 Deinde
706 776 843 824 velut
870 774 1031 823 stadio
1056 774 1225 821 victor
1248 774 1341 837 qui
1368 773 1508 821 solus
1535 771 1724 821 Achaeo

476 858 726 921 languet,
744 866 796 903 et
822 854 1025 903 immota
1052 869 1223 902 secum
1241 854 1426 901 virtute
1453 852 1670 910 fatiscit3
1747 890 1752 898 .

482 937 563 987 Sic
588 936 764 984 itidem
790 938 1018 985 Romana
1043 952 1221 983 manus
1250 933 1552 982 contendere
1579 942 1846 998 postquam

480 1016 689 1063 Destitit
702 1049 717 1075 ,
736 1026 785 1063 et
808 1031 983 1080 pacem
1008 1015 1173 1081 longis
1197 1014 1408 1063 frenavit
1432 1012 1639 1061 habenis
1652 1046 1668 1071 ,

480 1098 595 1161 Ipsa
621 1096 761 1145 do'mi
784 1096 945 1161 leges,
970 1106 1021 1145 et
1046 1096 1194 1145 Graia
1219 1095 1428 1143 inventa
1454 1104 1752 1153 retractans,

486 1176 671 1223 Omnia
697 1174 949 1223 bellorum
976 1173 1106 1223 terrai
1132 1174 1337 1240 quaesita
1364 1173 1588 1237 marique

486 1254 693 1317 Praemia
720 1255 933 1303 consilio
947 1289 963 1314 ,
987 1265 1039 1302 et
1063 1254 1207 1302 molli
1233 1255 1430 1301 ratione
1458 1250 1670 1319 regebat.

480 1334 653 1383 Stabat
678 1336 736 1382 in
762 1335 847 1383 his
864 1370 883 1396 ,
904 1346 997 1383 etc.

119 1432 190 1487 In
218 1429 445 1508 quibus
470 1428 811 1487 ordinandis
828 1472 845 1500 ,
870 1430 1227 1487 Petronianae
1254 1428 1529 1487 editionis
1557 1426 1944 1487 oeconomiam
1977 1429 2164 1487 secuti

115 1546 329 1585 sumus
344 1568 362 1598 ,
385 1545 579 1604 usque
608 1526 683 1583 ad
708 1526 871 1583 illius
896 1526 1217 1584 hexametri
1244 1526 1455 1583 finem:

484 1642 582 1691 Sed
605 1642 768 1691 virtus
793 1643 973 1707 agitata
998 1640 1169 1701 domi,
1190 1652 1239 1689 et
1266 1641 1544 1713 Socialibus
1569 1640 1733 1691 armis.
1769 1672 1772 1677 -

23 1738 25 1787 ἕ
118 1759 263 1825 post·
280 1768 469 1827 quem
486 1790 504 1819 ,
530 1747 735 1804 ordine
762 1744 1020 1804 duorum
1046 1740 1200 1804 inter
1224 1764 1285 1804 se
1312 1765 1588 1805 versuum
1616 1758 1978 1804 commutato
1993 1788 2011 1816 ‚
2042 1766 2162 1802 coe-

116 1857 240 1901 &era
268 1866 411 1921 quoe
438 1844 555 1923 (ita
581 1844 736 1903 enim
760 1843 959 1923 potius
986 1840 1165 1921 quam
1196 1856 1521 1919 coeteraque
1557 1842 1998 1902 restituendum‘
2013 1842 2160 1901 ce'n-

118 1943 393 2021 smmus)
551 2024 763 2090 Imperia
778 2058 793 2084 ,
819 2034 870 2073 et
895 2034 1059 2073 totum
1084 2021 1463 2082 simulabatulit
1487 2011 1688 2073 orbem'

481 2106 546 2152 In
570 2104 693 2153 freta
719 2106 953 2164 Sicaniae,
973 2116 1069 2153 etc.

115 2208 393 2266 Protinus
413 2207 582 2289 sequi
603 2209 850 2267 fecimus
867 2210 1361 2287 comparationem
1381 2208 1544 2268 illam
1563 2209 1894 2268 Circensem
1909 2208 1984 2267 de
2003 2228 2161 2288 equo

118 2318 457 2364 senescente
476 2347 494 2376 ,
520 2307 731 2364 deinde
752 2311 915 2364 velut
924 2308 1118 2364 stadio
1134 2352 1155 2379 ,
1182 2321 1285 2364 etc.
1302 2331 1325 2380 ,·
1350 2327 1522 2367 versu
1539 2353 1556 2380 ,
1579 2308 1762 2386 quiin
1781 2306 1980 2368 medio
2000 2321 2126 2366 erat
2140 2352 2159 2380 ,

116 2401 387 2460 indidem
425 2403 491 2460 in
528 2401 732 2462 locum
778 2404 1242 2462 commodiorem
1263 2447 1281 2475 ,
1323 2403 1438 2464 hoc
1479 2417 1601 2475 est,
1645 2405 1706 2462 in
1754 2402 1952 2464 sedem
1991 2423 2161 2464 suam

114 2499 458 2575 pristinam,
484 2500 676 2570 unde,
700 2501 871 2559 nullo
897 2521 1006 2560 suo
1028 2501 1269 2573 merito,
1295 2521 1404 2580 per
1425 2502 1548 2560 vim
1563 2497 1906 2560 exturbatus
1935 2503 2158 2573 fuerat,

114 2595 555 2672 postliminium
591 2597 862 2656 restituto
876 2641 893 2670 ,
929 2619 1051 2658 non
1092 2600 1213 2658 sine
1252 2600 1572 2658 necessaria
1611 2600 1970 2658 correctione
1990 2643 2008 2672 ,
2041 2617 2162 2678 qua

117 2693 178 2751 in
203 2695 523 2773 postremis
549 2695 669 2754 illis
696 2697 823 2767 usi,
851 2717 961 2775 pro

478 2803 661 2852 Omnia
683 2805 902 2853 consilio
916 2839 931 2864 ,
959 2815 1008 2853 et
1034 2777 1177 2854 molli
1202 2803 1394 2853 ratione
1419 2805 1622 2871 regebat
1636 2839 1657 2866 ‚

474 2886 680 2934 Praemia
708 2885 923 2937 consilio
942 2921 958 2948 ‚
982 2895 1076 2934 etc.
1236 2880 1247 2894 ⁹

114 2970 431 3040 emendare
453 2981 814 3040 instituimus
828 3025 845 3053 ,
872 2981 1149 3062 scaligeri
1170 2981 1385 3040 fiducia
1410 2983 1690 3052 maxime,
1719 2981 1784 3040 in-
1811 2980 1982 3057 cuj‘us
2002 2993 2169 3042 cata-.

114 3077 285 3135 lectis
305 3077 579 3136 ordinem
602 3095 635 3136 a
658 3079 831 3137 nobis
854 3099 1029 3157 supra
1055 3091 1534 3158 repraesentatum
1555 3091 1690 3157 post
1711 3079 2170 3172 similitudinem

110 3173 311 3244 illam,
342 3176 587 3246 deinde,
622 3180 785 3233 velut
824 3179 1020 3234 stadio
1035 3219 1056 3246 ,
1088 3190 1194 3233 etc.
1223 3177 1287 3234 in
1312 3176 1626 3236 novissima
1651 3175 1760 3234 hac
1787 3177 2172 3256 superiorum¹

113 3271 447 3328 carminum
474 3285 637 3349 parte
666 3273 979 3332 manifesto
1002 3293 1068 3330 ac
1093 3271 1286 3352 palam
1314 3271 1840 3350 deprehendimus,
1867 3293 1989 3332 non
2014 3273 2160 3332 item

112 3369 170 3426 in
182 3369 412 3446 priore,
426 3367 533 3426 ubi
552 3369 860 3448 tergemini
877 3369 1199 3428 hexametri
1217 3371 1305 3440 illi
1325 3371 1504 3447 (qaid
1513 3383 1841 3446 reputemus
1853 3374 2031 3442 enim,
2047 3383 2155 3428 etc.

112 3487 302 3544 usque
325 3466 403 3523 ad
432 3465 784 3524 hemistichii
810 3468 979 3524 istius
1006 3468 1229 3525 exitum
1256 3481 1316 3526 et
1336 3469 1644 3524 socialibus
1667 3468 1916 3544 armis),
1949 3487 2159 3545 paren-

112 3565 263 3622 thesi
278 3561 503 3622 inclusi
529 3562 809 3642 leguntur
823 3607 839 3634 ,
873 3565 1053 3623 medii
1075 3566 1228 3622 inter
1249 3585 1450 3623 versus
1479 3585 1628 3642 quos
1655 3583 1912 3644 ponam:

460 3671 679 3735 ‘Nosque
702 3670 851 3739 jubet
872 3672 1077 3730 tacitos,
1102 3672 1251 3720 etiam
1276 3673 1486 3720 rationis
1513 3676 1700 3738 egenos
1718 3706 1735 3730 ,

470 3747 595 3814 ‘Non
618 3750 789 3811 aliter,
814 3760 907 3800 etc·

23 3801 25 3838 ἶ
111 3821 219 3880 Ille
246 3839 393 3879 vero
413 3841 428 3876 ε

468 3904 535 3950 Iu
558 3901 681 3950 freta
708 3901 918 3956 Sicaniae
944 3911 995 3950 et
1020 3899 1334 3966 Carthaginis
1362 3902 1484 3950 exiit
1508 3886 1648 3952 arces
1663 3936 1678 3959 ,

23 4059 25 4072 Ι
108 4017 223 4054 non
246 4008 392 4075 post
409 3991 719 4061 'armorum
740 3997 1040 4052 socialium
1066 3997 1454 4066 mentionem,
1485 4007 1544 4053 et
1562 3997 1834 4065 vie-(utem
1857 3998 2022 4054 illam
2046 4000 2160 4054 Ro-

112 4116 353 4154 manam
366 4137 390 4168 ,
414 4107 630 4152 coetera
650 4115 785 4174 quoe
802 4096 1072 4171 imperia,
1080 4107 1141 4152 et
1160 4105 1339 4152 totum
1364 4095 1544 4150 simul
1558 4095 1798 4150 abstulit
1807 4096 2001 4152 orbem
2013 4137 2034 4164 ‚
2057 4095 2162 4154 sed
