2775 4619
513 459 602 535 84

1067 453 1146 516 A.
1197 449 1577 516 PERSII
1633 444 2016 512 FLACCI

601 580 834 644 Disce!
867 598 990 644 nec
1021 555 1348 657 invideas,
1375 571 1790 662 quod‘multa
1818 570 2032 635 fidelia
2061 585 2249 659 putet
2286 671 2293 676 ,

602 696 683 758 In
709 695 1036 783 locuplete
1058 715 1273 781 penu,
1300 688 1581 754 defensis
1609 685 1965 775 pinguibus
1991 683 2259 749 Umbris
2278 731 2297 764 ‚

511 929 566 972 et
596 913 1040 987 conjunctionem
1078 930 1202 964 cum
1235 909 1493 962 universo

469 993 474 1000 '
507 992 716 1042 mundo
735 986 1001 1047 inculcat,
1021 997 1083 1035 ut
1102 982 1261 1035 initio
1279 981 1377 1032 lib.
1397 983 1454 1032 ΙΙ
1476 999 1489 1032 ε

504 1067 586 1124 δεῖ
627 1066 685 1121 δὲ
735 1065 836 1126 ἤδη
885 1067 1008 1119 ποτὲ
1063 1067 1314 1116 αἴσθεσθαι
1362 1063 1492 1122 τίνος,

503 1149 858 1221 κόσμουκμὲρος
885 1142 953 1204 εἷ,
985 1143 1068 1196 καὶ
1092 1146 1218 1204 τίνος
1248 1139 1488 1195 διοικοῦν-

505 1251 588 1292 τος
611 1221 692 1282 ’ἕῖν
717 1231 898 1298 κόσμον
925 1226 1164 1296 ἀπόῥροια
1187 1226 1394 1284 ὖπέςτις.
1420 1223 1490 1274 Et

503 1311 604 1362 lib·
638 1311 692 1360 X
723 1328 736 1360 ε
781 1309 878 1360 εἴτε
923 1307 1098 1376 ἄτομοι
1143 1305 1239 1357 εἴτε
1291 1307 1455 1375 φύσεις
1472 1341 1485 1361 ,

502 1397 694 1458 πρῶτον
737 1388 910 1440 κείσθω
957 1389 1032 1439 ὅτι
1079 1387 1217 1456 μέρος
1261 1385 1360 1455 εἰμὶ
1402 1391 1486 1436 τοῦ

501 1473 610 1524 ὅλου
628 1471 722 1522 ὑπὸ
742 1470 926 1538 φύσεως
943 1463 1290 1536 διοικουμένου·
1310 1467 1489 1517 ἔπειτα

500 1555 576 1604 ὅτι
610 1553 705 1618 ἔχω
739 1569 846 1608 πως
888 1549 1070 1606 οἰκείως
1109 1548 1228 1616 πρὸς
1261 1545 1328 1596 τὰ
1365 1548 1485 1615 ὁμο-

497 1635 620 1704 γενῆ
643 1633 782 1700 μέρη.
815 1629 995 1704 Hujus
1031 1624 1233 1678 deinde
1260 1643 1485 1696 persua·

500 1711 696 1774 sionis,
721 1704 873 1780 quod
893 1709 1058 1759 simus
1077 1725 1199 1777 pars
1218 1705 1485 1769 universi,

497 1795 743 1847 fructum
762 1788 1040 1859 duplicem
1059 1786 1278 1858 subjicit
1297 1807 1310 1836 ε
1333 1785 1489 1856 prior

499 1887 580 1926 est
595 1871 809 1924 animus
825 1887 1014 1939 aequus
1029 1865 1280 1918 adversus
1296 1885 1383 1918 om
1391 1883 1487 1918 nes

499 1969 680 2008 casus:
707 1954 880 2024 τούτου
898 1957 994 2021 γὰρ
1017 1950 1324 2018 μεμνημένος
1339 1985 1356 2012 ,
1381 1949 1479 2006 ait,

495 2036 666 2088 καθότι
689 2035 774 2102 μὲν
798 2034 938 2102 μέρος
960 2029 1087 2100 εἰμὶ,
1109 2023 1249 2081 οὔδ’ὲν
1271 2025 1485 2100 δυσαρε-

497 2117 638 2175 ςῆσω
659 2121 756 2165 τῶν
779 2115 834 2165 ἐκ,
852 2117 938 2162 τοῦ
957 2112 1065 2161 ὅλου
1086 2110 1485 2180 ἀπονεμομένων.

494 2193 768 2266 posterior
789 2191 999 2242 fructus
1028 2202 1106 2241 est
1128 2207 1279 2239 amor
1296 2188 1486 2258 proxi-

497 2274 613 2336 mi,
640 2284 694 2323 et
725 2289 914 2323 omnes
941 2265 1171 2341 juvandi
1199 2266 1443 2321 studium
1468 2287 1481 2317 :

499 2356 703 2409 καθόσον
727 2350 785 2405 δὲ
811 2355 906 2419 ἔχω
930 2372 1038 2411 πως
1067 2352 1249 2412 οἰκείως
1275 2353 1393 2421 πρὸς
1415 2350 1483 2403 τὰ

497 2439 708 2505 ὁμογενῆ
737 2436 884 2503 μέρη,
915 2427 1052 2493 οὐδὲν
1083 2431 1252 2501 πράξω
1277 2432 1482 2484 ἀκοινώ-

496 2536 660 2572 νητον.
700 2517 899 2565 Μᾶλλον
949 2508 1007 2563 δὲ
1053 2512 1338 2583 ςοχοίσομοιι
1379 2518 1478 2565 τῶν

496 2600 776 2667 ὁμογενῶν,
801 2594 890 2646 καὶ
927 2592 1046 2663 ῑπρὸς
1079 2594 1136 2644 τὸ
1177 2599 1310 2661 κοινῇ
1352 2613 1479 2663 συμ-

497 2680 634 2747 φέρον
676 2678 850 2727 πᾶσαν
895 2673 1041 2742 ὁρμὴν
1090 2675 1303 2743 ἐμαυτοῦ
1346 2674 1446 2735 ἄξω
1464 2712 1481 2738 ,

493 2756 580 2809 καὶ
601 2758 698 2808 ἀπὸ
719 2754 1000 2806 τούναντίου
1023 2753 1202 2815 ἀνάξω.
1221 2753 1483 2806 Similiter

496 2836 730 2896 Seneca,
765 2833 920 2904 e'pist.
964 2832 1115 2883 XCV
1143 2852 1154 2881 :
1197 2837 1352 2881 Omne
1390 2834 1482 2887 hoc

499 2920 640 2983 quod
669 2918 841 2974 vides,
877 2932 976 2979 quo
1008 2915 1173 2961 divina
1203 2928 1354 2979 acque
1387 2914 1482 2962 hu·

497 3016 654 3047 mana
701 2996 932 3045 conclusa
983 3008 1128 3052 sunt,
1180 3014 1330 3044 unum
1377 3009 1482 3044 est:

499 3080 720 3127 membra
751 3092 912 3125 sumus
941 3076 1116 3140 magni
1139 3078 1369 3139 corporis.
1397 3074 1484 3125 Ex

494 3158 580 3209 his
596 3174 759 3227 supra
773 3155 1076 3206 memoratis
1088 3192 1102 3215 ,
1118 3154 1282 3205 Persii
1297 3154 1481 3220 locum

495 3238 650 3291 hunc
667 3276 684 3303 ,
699 3252 755 3287 et
769 3236 990 3285 Ιιτυηαηᾶ
1015 3236 1118 3301 quii
1129 3252 1278 3301 parte
1295 3241 1484 3297 locatas

495 3338 546 3369 es
565 3321 615 3369 in
631 3338 685 3367 re
697 3356 712 3379 ,
739 3318 810 3368 ita
829 3316 1188 3386 interpretor:
1210 3313 1357 3368 disce
1377 3334 1484 3388 qua

497 3399 558 3449 in
582 3409 738 3469 parte
766 3397 930 3448 totius
959 3396 1196 3450 universi
1220 3397 1427 3448 locatus
1454 3416 1482 3450 a

495 3479 616 3532 Deo
653 3474 854 3539 fueris,
886 3488 941 3527 et
980 3479 1087 3547 qua
1118 3474 1476 3529 ⁸conditione:

491 3560 700 3613 scilicet
715 3580 736 3622 ,·
755 3571 846 3620 ut,
871 3557 1023 3609 miles
1043 3557 1099 3607 in
1125 3559 1352 3610 statione
1377 3578 1479 3631 po-

497 3638 954 3703 situ5‚‘societatis
988 3636 1209 3689 utilitati
1242 3656 1484 3692 commos-

413 3786 416 3789 ῃ
498 3720 696 3791 disque
717 3718 960 3787 invigiles
977 3754 994 3779 ‚
1017 3734 1116 3768 nec
1142 3716 1207 3768 ab
1229 3736 1288 3769 ea
1311 3718 1484 3772 disce·
1508 3716 1511 3719 ’

473 3790 596 3871 'das
631 3800 728 3851 Dei
763 3797 1104 3868 imperatoris
1138 3799 1368 3867 injussu.
1405 3800 1481 3851 M.

501 3880 768 3943 Antonin·
790 3898 908 3957 cap.
935 3880 1051 3931 XI:
1083 3881 1134 3931 οὐ
1159 3875 1286 3951 δέχῃ
1313 3883 1370 3933 τὸ
1400 3889 1479 3935 νῦν

1572 911 1637 974 τῇ
1664 915 1761 960 τῶν
1782 907 1909 958 ὅλων
1936 907 2073 976 φύσει
2107 907 2352 978 εὔκαιρον,
2376 907 2565 978 ἅνθρω-

1573 1009 1666 1048 πος
1688 990 1993 1056 τεταγμένος
2024 989 2142 1056 πρὸς
2164 989 2221 1040 τὸ
2241 989 2464 1058 γενέσθαι
2490 983 2566 1040 δι’

1572 1068 1683 1120 ὅτου
1705 1064 1773 1123 δὴ
1799 1069 1853 1119 τὸ
1875 1073 2008 1136 κοινῇ
2034 1087 2294 1138 συμφερον.
2325 1067 2389 1120 C·
2414 1081 2469 1118 et
2489 1069 2560 1119 A.

1644 1146 1733 1218 73.
1749 1149 1853 1198 Nec
1868 1147 2114 1216 invideas]
2136 1146 2406 1198 Ultimum
2418 1166 2567 1218 prae·

1570 1241 1791 1300 ceptum
1814 1266 1830 1292 ,
1872 1241 1936 1280 ut
1987 1229 2222 1300 quisque
2264 1240 2564 1280 contentus

1570 1310 1667 1357 sua
1707 1318 1852 1358 sorte
1892 1305 2066 1368 vivat,
2104 1323 2285 1376 neque
2331 1325 2392 1357 ea
2429 1322 2565 1360 vera

1568 1385 1713 1440 hona
1736 1405 1846 1438 esse
1864 1397 2053 1457 putet,
2078 1405 2199 1456 quae
2220 1385 2387 1458 vulgo
2407 1398 2565 1438 tanta

1562 1485 1674 1534 'con
1680 1469 1922 1521 tentione
1935 1467 2376 1538 quaeruntur.111a
2386 1461 2567 1538 ig'itur

1567 1568 1638 1600 ne
1661 1562 1838 1620 opte3‚
1854 1567 2034 1619 neque
2055 1547 2253 1612 doleas,
2270 1547 2312 1600 si
2335 1547 2566 1600 uberior

1568 1631 1726 1700 copia
1769 1630 1973 1681 horum
2017 1629 2295 1682 bonorum
2333 1627 2447 1680 aliis
2490 1628 2569 1680 sit

1569 1715 1734 1783 quam
1769 1709 2144 1775 tibh-Qube!
2170 1713 2324 1760 multa
2341 1713 2529 1780 fidelia
2547 1748 2567 1770 ,

1567 1807 1656 1842 etc.
1684 1792 1766 1843 Ex
1794 1791 2051 1843 omnibus
2084 1790 2331 1843 litteratis
2358 1791 2564 1842 Roma-

1567 1870 1653 1924 nis
1671 1909 1687 1936 ,
1716 1872 1817 1924 soli
1853 1873 1965 1924 fere
1998 1885 2238 1924 oratores
2272 1883 2423 1923 erant
2454 1870 2564 1942 qui

1567 1953 1682 2005 reni
1719 1953 1976 2006 facerent.
2020 1951 2315 2004 Causidicis
2356 1971 2569 2022 nempe

1570 2032 1763 2084 donari
1796 2032 1966 2085 solitae
1993 2032 2109 2085 vini
2140 2032 2338 2103 lagena}
2375 2046 2428 2082 et
2459 2032 2569 2082 sal-

1568 2125 1804 2164 samenta
1822 2151 1837 2175 ,
1878 2125 1943 2164 ut
1985 2124 2135 2184 patet
2180 2129 2244 2163 ex
2290 2113 2323 2162 J
2327 2110 2567 2166 uvenale

1568 2192 1718 2263 ipso,
1750 2204 1849 2244 sat.
1886 2193 2037 2257 VII,
2064 2214 2117 2247 v.
2167 2211 2265 2261 119
2305 2205 2361 2246 et
2400 2211 2564 2264 seqq.

1566 2271 1849 2343 Ejusmodi
1870 2286 1997 2326 sunt
2023 2272 2350 2325 munuscula
2369 2312 2385 2338 ,
2412 2291 2563 2345 quo·

1562 2374 1692 2405 rum
1720 2356 1810 2406 hic
1834 2354 2081 2407 meminit
2112 2354 2329 2407 Persius
2346 2393 2363 2419 ,
2374 2358 2567 2425 fidelia

1564 2436 1681 2487 vini
1698 2473 1715 2498 ‚
1734 2438 1915 2501 piper,
1932 2455 2107 2502 pema-
2137 2448 2191 2486 et
2220 2455 2337 2485 orca
2364 2456 2566 2485 moenoe.

1562 2516 1759 2587 Itaque
1783 2514 1917 2567 dum
1944 2527 2129 2567 noster
2152 2513 2421 2567 invidiam
2446 2514 2563 2567 dis·

1562 2598 1748 2668 cipulo
1775 2610 1918 2649 vetat
1951 2615 2083 2659 su0‚
2112 2594 2275 2648 simul
2304 2610 2357 2649 et
2389 2598 2561 2649 avari-

1564 2678 1692 2729 tiam
1727 2677 1900 2746 carpit
1938 2674 2344 2728 causidicorum
2376 2690 2431 2731 et
2466 2696 2561 2747 pa·

1562 2769 1849 2807 tronorum
1865 2793 1882 2819 ,
1906 2755 2002 2826 qui
2022 2768 2213 2807 contra
2232 2756 2406 2826 legem
2424 2754 2559 2808 Cin-

1563 2838 1733 2900 ciam,
1759 2837 1815 2887 in
1854 2835 2137 2907 captandis
2170 2836 2424 2908 undique
2453 2836 2560 2889 do·

1562 2914 1647 2965 nis
1692 2914 1986 2965 avidissimi
2035 2926 2209 2965 erant.
2240 2946 2311 2953 —
2336 2918 2552 2965 Fidelia.

1564 2992 1696 3046 vid.
1730 3013 1855 3065 sup.
1884 3014 1940 3045 v.
1974 3000 2309 3045 :nm—Putet.
2332 2994 2558 3063 Patres-

1564 3087 1677 3136 cat,
1706 3074 1792 3131 vel
1830 3088 2027 3146 putere
2065 3076 2325 3146 incipiat,
2358 3076 2431 3128 ob
2466 3076 2556 3128 ni-

1562 3157 1727 3208 miam
1751 3158 1982 3227 copiam.
2011 3156 2075 3208 C.
2099 3170 2152 3210 et
2177 3158 2241 3209 P.

1636 3244 1725 3306 74.
1765 3243 1823 3287 In
1861 3238 2097 3305 locuplete
2128 3242 2311 3305 peram]
2347 3238 2557 3295 Divitil

1566 3316 1835 3370 advocati.
1852 3348 1924 3357 -—
1938 3324 2090 3369 Pena.
2112 3318 2419 3391 Metonym.
2446 3339 2558 3391 pro

1565 3398 1698 3451 cella
1732 3402 2020 3470 penuaria,
2050 3401 2109 3451 in
2144 3418 2249 3472 qua
2288 3398 2558 3455 conditur

1562 3493 1615 3532 et
1630 3498 1836 3532 asserva
1844 3494 1934 3533 tur
1950 3500 2117 3547 penus.
2128 3484 2558 3548 —Defimsispin-

1554 3564 1735 3628 guibus
1770 3564 1972 3611 Umbris.
1998 3562 2079 3613 Eo
2106 3562 2330 3613 nomine
2349 3599 2366 3624 ‚
2403 3562 2557 3632 quod

1562 3638 1868 3693 defenderit
1888 3642 2125 3694 Umbros
2139 3682 2156 3708 ‚
2182 3656 2445 3713 patronus
2464 3631 2561 3697 aut

1562 3722 1873 3774 advocatus,
1904 3751 1975 3761 --
2002 3725 2287 3790 Pinguibus.
2338 3724 2557 3795 Nempe

1562 3802 1759 3853 Umbri
1793 3815 1847 3853 et
1881 3802 2283 3873 opulentissimi
2320 3816 2377 3855 et
2404 3804 2555 3857 anti·

1563 3883 1814 3953 quissimi
1842 3896 1995 3936 erant
2016 3884 2214 3955 populi
2232 3884 2425 3938 Italian.

481 4068 489 4073 ”
574 4080 636 4127 V.
675 4092 698 4137 7
710 4078 757 4124 3.
786 4075 902 4123 Nec.
920 4073 1093 4139 Neque
1111 4092 1206 4140 pro
1229 4092 1320 4124 nec
1338 4076 1531 4129 habent
1551 4080 1697 4129 codd.
1714 4082 1985 4148 permulti:
2010 4094 2062 4131 at
2082 4084 2227 4149 parvi
2248 4085 2473 4137 interest,
