2775 4619
782 310 857 377 C.
918 306 1328 377 LUCILII
1387 309 1658 377 VITA.
2109 317 2236 385 225

164 436 365 499 'variis
392 435 573 496 etiam
594 434 780 495 rebus
808 436 1111 497 confertos
1131 437 1309 495 fuisse
1337 437 1420 517 (si
1446 438 1690 530 quidem
1719 435 1906 497 satirae
1935 437 2148 499 titulus
2175 442 2242 501 id

186 536 539 615 promittere
565 534 944 612 videbatur),
976 554 1085 593 nec
1126 535 1458 613 quidquam
1487 535 1677 605 fellis,
1709 548 1813 594 aut
1841 522 2239 597 amarulentiae

184 635 255 692 in
295 654 359 691 se
406 632 767 691 continuisse
812 632 950 691 satis
994 644 1154 709 patet
1190 652 1263 690 ex
1300 632 1592 691 Diomede
1635 634 1959 705 scribente,
2003 634 2106 693 lib.
2151 639 2242 695 ΠΙ

188 735 522 791 Grammat.
546 732 742 787 Sam-a
764 742 852 787 eet
868 726 1103 787 carmen
1128 732 1298 807 apud
1314 732 1642 801 Romanos,
1672 750 1792 787 non
1817 733 2050 807 quidem
2075 734 2245 807 apud

193 830 435 889 Groecos
454 870 477 897 ,
512 828 867 885 maledicum
904 841 968 883 et
997 828 1085 883 ad
1112 826 1423 902 carpenda'
1452 828 1752 883 hominum
1788 830 1942 884 vitia
1968 808 2242 886 Archoeoe

184 927 499 983 comoedioe
540 925 877 981 charactere
917 926 1293 998 compositum
1321 966 1344 994 ,
1391 928 1570 1001 quale
1605 927 1956 1000 scrq’vserunt
1987 928 2244 984 Lucilius

187 1022 562 1099 equmtius
598 1033 659 1077 et
689 1021 923 1076 Persius
946 1041 965 1075 .·
997 1021 1111 1077 sed
1142 1023 1281 1078 olim
1318 1041 1556 1078 carmen
1589 1023 1754 1097 quod
1785 1041 1863 1079 ex
1893 1023 2077 1079 varicis·
2091 1032 2240 1101 poe·-

186 1120 447 1177 matibus
466 1118 773 1177 constabat
789 1118 970 1173 satim
988 1119 1343 1188 vocabatur,
1370 1121 1574 1193 quales
1589 1120 1941 1193 scripserunt
1955 1120 2244 1178 Pacuvius

186 1230 252 1285 et,
286 1218 536 1273 Ennius.
581 1209 821 1272 Possem
861 1213 1056 1273 eidem
1099 1213 1186 1272 rei
1234 1213 1536 1273 firmaudae
1586 1214 1870 1274 advocare
1911 1218 2246 1277 testimonia

185 1312 581 1386 Quintiliani,
619 1311 836 1371 Donati
854 1354 873 1381 ,
911 1322 971 1369 et
1008 1322 1274 1369 veterum
1312 1312 1702 1389 interpretum
1743 1314 2002 1384 Horatii3
2033 1316 2138 1373 sed
2175 1336 2246 1373 ea

184 1424 259 1473 ut
286 1410 538 1479 minime
564 1410 627 1467 iu
652 1429 715 1467 re
743 1420 900 1467 certa
933 1420 993 1465 et
1026 1408 1357 1467 indubitata
1394 1409 1743 1479 necessaria,
1775 1421 1835 1466 et
1859 1411 2002 1488 quia
2027 1413 2244 1490 partim
2279 1414 2284 1421 ’

186 1508 333 1574 alibi
366 1527 437 1565 ea
468 1506 755 1565 collocavi
771 1549 788 1576 ‚
823 1505 923 1563 hic
963 1505 1150 1563 sciens
1188 1519 1490 1585 praetereo.
1520 1507 1672 1564 Hinc
1707 1506 1888 1565 etiam
1929 1508 2240 1569 manifesto
2280 1501 2284 1507 ’

186 1605 424 1685 liquere
450 1604 705 1663 arbitror
731 1604 1048 1667 vanitatem
1078 1602 1321 1661 illorum
1338 1645 1356 1674 ‚
1387 1604 1494 1681 qui
1535 1603 1832 1662 Lucilium
1866 1604 2151 1665 iambicos
2181 1620 2242 1666 et

185 1704 521 1762 trochaicos
548 1700 798 1761 heroicis
824 1700 1089 1759 vers-ibus
1116 1700 1502 1759 immiscuisse
1519 1701 1870 1779 persuadere
1889 1705 2084 1762 conati
2103 1716 2244 1763 sunt
2275 1704 2282 1713 ’

186 1801 386 1862 nobis.
424 1804 549 1859 Nec
584 1818 725 1857 vero
766 1798 1021 1856 iambico
1058 1816 1127 1854 ac
1158 1796 1474 1859 „trochaico
1510 1799 1768 1857 carmine
1809 1820 1949 1857 eum
1996 1802 2240 1861 omnino

186 1918 370 1955 usum
398 1897 579 1954 fuisse
609 1895 941 1973 negaverim
964 1915 977 1951 ε
1008 1913 1145 1951 nam
1166 1894 1257 1980 id,
1284 1907 1496 1972 praeter
1518 1895 1668 1971 ipsas
1693 1896 1904 1954 Lucilii
1930 1897 2236 1976 reliquias,

186 1994 504 2055 Diomedis
542 1992 891 2051 auctoritate
931 1991 1233 2049 confutare
1277 1982 1638 2049 facillimum*
1653 1992 1728 2049 sit
1743 2035 1761 2064 ‚
1791 1994 1897 2071 qui
1929 2014 2068 2052 eum
2096 2004 2251 2054 cum*

185 2090 428 2151 Catullo
468 2132 486 2159 ‚
532 2090 774 2148 Horatio
814 2129 832 2158 ,
891 2086 1175 2146 Bibaculo
1226 2087 1379 2146 inter
1431 2089 1761 2166 praecipuos
1821 2089 2058 2149 iambici
2105 2112 2240 2151 car-

185 2190 367 2249 minis
389 2188 705 2265 scriptores
729 2197 1025 2244 recenset:
1054 2183 1184 2255 sed,
1212 2184 1402 2243 sicubi
1421 2186 1492 2244 iis
1520 2206 1664 2243 usus
1685 2199 1802 2256 est,
1827 2188 2064 2247 nullum
2075 2210 2240 2275 prae-

192 2300 353 2348 terea
381 2284 549 2366 aliud
578 2284 751 2344 metri
777 2302 962 2362 genus
988 2281 1212 2342 ibidem
1243 2302 1554 2362 usurpasse
1583 2283 1874 2344 affirmare
1903 2286 2111 2346 ausim.
2143 2286 2244 2348 Sic

185 2386 371 2465 igitur
396 2383 471 2440 de
500 2382 728 2460 scriptis
756 2373 885 2456 ejus
914 2380 977 2438 in
1012 2379 1350 2438 universum
1384 2380 1619 2440 habeto.
1651 2383 1910 2461 Triginta
1938 2383 2122 2444 libros
2149 2405 2244 2444 sa-

183 2485 437 2542 tirarum
462 2501 607 2539 eum
642 2478 945 2557 reliquisse
960 2521 978 2549 ‚
1009 2497 1266 2556 quorum
1301 2482 1422 2538 XX
1457 2479 1682 2556 priores
1709 2479 2058 2542 hexametris
2089 2496 2244 2542 totos

186 2579 523 2639 constitisse
558 2577 685 2654 ipsa
722 2576 1044 2654 fragmenta
1083 2575 1369 2639 indicium
1410 2577 1646 2653 pariter·
1659 2597 1726 2634 ac
1761 2577 1940 2636 fidem
1978 2580 2239 2652 faciunt3

188 2678 413 2757 reliqui
463 2695 670 2734 omnes
694 2718 712 2744 ‚
758 2685 969 2751 praeter
1016 2673 1385 2750 trigesimum
1434 2673 1458 2750 (
1482 2674 1584 2751 qui
1627 2673 1828 2732 denuo
1873 2695 1946 2733 ex
1989 2675 2242 2736 heroicis

186 2775 563 2854 compositus
584 2769 750 2851 fuit),
771 2784 875 2829 aut
891 2771 1155 2830 iambicis
1167 2812 1183 2842 ,
1204 2783 1307 2829 aut
1323 2769 1636 2830 trochaicis
1653 2773 1914 2830 numeris
1933 2774 2244 2834 constituti

186 2875 375 2932 fuisse
402 2872 700 2930 videntur.
733 2870 795 2928 Si
825 2889 977 2947 quos
1002 2888 1142 2926 vero
1173 2869 1235 2926 in
1262 2867 1472 2925 iisdem
1499 2867 1665 2926 libris
1691 2867 2008 2945 aliquando
2037 2891 2242 2930 versus

187 2960 467 3031 heroicos
496 2967 765 3028 offendas
784 3012 803 3040 ‚
829 2987 950 3028 eos,
967 2966 1043 3024 ab
1079 2966 1207 3023 aliis
1244 2964 1539 3023 aberrasse
1571 2977 1782 3042 putato
1809 2967 2035 3025 incuria
2061 2968 2252 3028 libra-'

184 3070 421 3129 riorum
446 3067 739 3127 maxime:
770 3063 951 3144 quam
977 3066 1313 3142 frequenter
1336 3063 1496 3121 enim
1521 3062 1642 3120 ab
1625 3062 1696 3120 iis
1724 3062 1784 3120 in
1812 3066 2073 3124 numeris
2098 3087 2243 3144 pec·-

186 3180 395 3225 catum
426 3165 535 3235 sit,
562 3165 617 3221 ei
646 3163 750 3241 qui
780 3161 1105 3240 aliquando
1132 3173 1355 3218 veteres
1390 3159 1621 3218 codices
1647 3175 1790 3218 cum
1816 3165 2244 3256 recentioribus

186 3262 518 3323 contulerit
546 3261 779 3339 liquido
813 3271 1079 3318 constare
1115 3259 1383 3317 arbitror.
1415 3245 1584 3316 Idem
1619 3258 1828 3316 erroris
1857 3248 2242 3342 commissum

188 3362 343 3420 scias
358 3403 377 3432 ,
404 3358 640 3437 quoties
668 3359 986 3436 fragmenta
1015 3356 1213 3435 aliqua
1240 3375 1315 3414 ex
1338 3355 1504 3413 libris
1529 3357 1823 3427 XXXVI,
1852 3368 1956 3416 aut
1974 3338 2244 3418 XXXIX

189 3457 357 3536 apud
383 3456 648 3517 Nonium
667 3455 841 3512 citata
862 3455 1149 3513 invenias:
1175 3453 1275 3512 illa
1298 3454 1455 3513 enim
1479 3455 1540 3512 in
1559 3453 2056 3514 emendatioribus
2075 3456 2242 3516 libris

188 3555 269 3614 ad
297 3555 505 3618 XXVI
521 3593 539 3622 ‚
568 3563 671 3610 aut
700 3555 908 3612 XXIX
932 3551 1302 3624 referuntur,
1332 3572 1401 3610 ac
1423 3551 1630 3610 similis
1656 3536 1886 3610 mendae
1911 3552 2242 3612 Char-isium

188 3650 576 3709 manifestum
599 3661 747 3726 puto
768 3691 786 3720 ,
809 3647 971 3728 apud
999 3667 1179 3725 quem
1204 3667 1277 3706 ex
1302 3650 1496 3707 XLIII
1523 3645 1733 3722 Lucilii
1755 3668 1870 3707 vox
1896 3651 2036 3706 c'ah:
2055 3651 2246 3712 addu-

191 3742 383 3804 citur.'
399 3744 564 3818 Quid
585 3746 744 3824 enim
759 3789 778 3817 ‚
803 3738 1089 3804 obsecro?
1113 3749 1206 3804 An
1226 3745 1540 3803 verisimile
1568 3747 1643 3804 sit
1669 3765 1738 3804 ex
1767 3758 1929 3804 tanto
1951 3747 2242 3818 librorum

194 3862 491 3913 numere,
518 3855 669 3920 quot
710 3843 863 3901 inter
894 3845 1074 3902 XXX
1106 3855 1165 3900 et
1203 3844 1402 3900 XLIII
1440 3843 1654 3921 reliqui
1691 3857 1862 3914 sunt,
1895 3845 2142 3904 nullum
2165 3848 2241 3906 ab

192 3941 326 4002 ullo
365 3940 893 4022 grammaticorum
930 3940 1178 4002 verbum
1222 3938 1630 4044 productum?
1661 3941 1948 4008 Existimo
1991 3944 2242 4022 proinde

1806 4021 1941 4084 15
