2775 4619
111 398 1238 423 umwaemmmmmmmsn
1245 386 2161 433 mmmmmmwsmwm

535 562 1112 651 SATIRAE
1180 562 1767 651 TERTIAE

669 748 1559 829 'ARGUMENTUM.

236 974 514 1027 111132
553 974 882 1008 nzslntssn
917 975 1234 1009 Iuvanum
1271 970 1655 1020 rAstrstUE
1693 976 2021 1013 nkczssrw.

185 1103 258 1158 In
283 1119 358 1157 ea
387 1100 570 1157 satira
595 1099 780 1157 stoico
808 1096 1164 1177 philosopho
1201 1097 1538 1176 dignissima
1554 1141 1571 1169 ‚
1598 1101 1827 1159 Persius
1849 1103 2152 1181 segnitiem

115 1218 170 1264 et
185 1206 486 1264 desidiam
500 1205 794 1284 juvenum
815 1204 908 1261 sui
930 1204 1208 1282 temporis
1235 1205 1425 1283 carpit
1440 1246 1457 1274 ,
1484 1205 1589 1282 qui
1617 1206 1808 1265 studia
1830 1207 2155 1269 litterarum

115 1309 492 1389 negligenter
510 1310 831 1391 tractabant
846 1353 863 1380 ‚
889 1322 948 1367 et
982 1308 1419 1389 philosophiam
1445 1312 1809 1389 contemptui
1835 1311 2146 1373 habebant.

117 1414 217 1488 Et,
258 1416 462 1497 primo
489 1461 508 1489 ‚
551 1417 912 1495 discipulum
949 1416 1275 1494 alloquitur
1293 1458 1312 1488 ,
1345 1416 1521 1495 eique
1561 1419 1871 1496 exprobrat
1891 1462 1909 1491 ,
1948 1420 2147 1498 quod,

120 1521 230 1581 alto
268 1526 394 1602 jam
443 1524 572 1583 sole
588 1566 605 1594 ,
644 1524 740 1581 vix
783 1522 858 1581 de
908 1523 1074 1581 libris
1119 1523 1337 1601 cogitet
1350 1565 1368 1593 ,
1401 1535 1636 1581 stertens
1682 1526 1876 1581 adhuc
1918 1526 1988 1603 (ι
2007 1526 2145 1603 —-).

120 1630 338 1689 Deinde
369 1650 553 1689 vanas
589 1633 716 1711 ejus
755 1631 1154 1689 excusationes
1195 1630 1432 1703 irridet3
1465 1642 1642 1708 atque
1671 1632 1795 1710 jam
1829 1650 1864 1687 a
1898 1633 2148 1710 pueritia

122 1754 406 1812 egressum
425 1780 444 1810 ‚
475 1750 756 1815 tanquam
785 1737 836 1794 si
871 1737 934 1795 in
977 1736 1144 1795 cunis
1181 1748 1360 1807 esset,
1390 1735 1465 1795 ad
1496 1757 1817 1796 mammam
1850 1750 2147 1813 tutamque

121 1843 352 1900 remittit
369 1844 651 1921 (7—23)=
679 1855 764 1915 et,
788 1845 926 1921 quia
945 1843 1212 1921 plerique
1232 1846 1661 1913 Romanorum,
1682 1829 1805 1921 quo
1827 1843 2144 1903 nobiliores

123 1960 330 2019 essent,
355 1970 432 2008 eo
457 1950 746 2008 minorem
771 1950 976 2007 studiis
995 1968 1235 2026 operam
1257 1948 1471 2007 dabant
1486 1990 1505 2019 ‚
1529 1948 1782 2007 ostendit
1806 1968 1906 2007 eos
1933 1948 2144 2007 frustra

120 2054 398 2129 majorum
419 2056 610 2134 gloria
633 2066 736 2113 aut
745 2054 970 2113 divitiis
994 2053 1199 2123 inniti,
1223 2054 1272 2112 si
1297 2052 1374 2111 ad
1398 2072 1621 2115 morem
1650 2056 1917 2111 dis-cinai
1938 2057 2001 2110 N
1999 2067 2141 2111 auce

124 2157 385 2218 viverent.
409 2166 647 2219 Nattam
679 2162 870 2219 multo
899 2161 1082 2239 magis
1111 2160 1509 2217 excusandum
1531 2202 1548 2231 ‚
1579 2160 1627 2217 si
1650 2161 1714 2217 in
1740 2159 2012 2217 sordibus
2035 2181 2143 2218 vo·-

124 2261 344 2338 latai-et,
353 2270 582 2348 quippe
596 2269 701 2347 qui
718 2267 944 2326 liberali
956 2267 1320 2351 institutione
1335 2266 1649 2326 destitutus
1666 2280 1815 2326 esset
1828 2268 2135 2346 (πίῃ-ΜΒ

125 2368 246 2428 illos
275 2393 415 2432 vero
448 2375 526 2433 ad
553 2372 792 2453 grandia
821 2387 987 2433 natos
1008 2416 1025 2444 ‚
1055 2387 1116 2432 et
1141 2373 1529 2452 philosophia.-
1556 2375 1859 2454 praeceptis
1878 2376 1999 2454 jam
2025 2376 2139 2431 im-

123 2470 284 2533 butos
302 2520 319 2548 ‚
351 2479 499 2538 olim
531 2479 897 2538 conscientiae
931 2499 1130 2558 poenas
1166 2480 1438 2550 daturoS,
1467 2477 1631 2551 cum,
1664 2479 1997 2558 posthabito
2018 2480 2137 2537 vir-

127 2580 253 2637 tutis
271 2583 438 2643 cultu
456 2629 475 2656 ,
503 2585 664 2644 ferox
687 2585 986 2664 ingenium
1011 2585 1136 2642 dira
1160 2584 1346 2644 libido
1369 2587 1617 2643 moverit
1631 2629 1648 2656 ‚
1670 2605 1887 2663 eosque
1912 2586 1973 2642 in
1998 2605 2135 2664 pro-

127 2682 364 2750 fundum
391 2693 739 2750 immerserit
767 2691 1119 2770 (35—43).
1150 2693 1272 2750 Sibi
1311 2712 1496 2771 puero
1530 2693 1786 2750 evenisse
1815 2712 1938 2750 non
1970 2691 2132 2748 diffi-

126 2799 296 2864 tetur,
319 2809 389 2854 ut
417 2797 567 2856 ludo
593 2810 771 2876 atque
796 2798 968 2876 nugis
996 2797 1131 2876 plus
1163 2817 1333 2875 aequo
1363 2797 1619 2867 dederit,
1649 2798 1751 2854 sed
1784 2797 1959 2873 culpa
1984 2816 2133 2874 prae-

128 2901 359 2972 ceptoris
399 2923 472 2961 ac
514 2915 823 2981 parentum
869 2922 1144 2974 suorum3
1175 2903 1246 2960 iis
1277 2915 1504 2971 contra,
1532 2903 1653 2980 jam
1688 2899 2131 2977 grandior-ihm,

123 2999 342 3082 jamque
365 3011 618 3068 Zenonis
647 3011 822 3087 atq'ue
841 3007 1176 3085 Pythagorae
1200 2983 1414 3065 scholae
1437 3007 1683 3064 addictis
1700 3049 1716 3076 ‚
1742 3006 2049 3083 indignum
2072 3017 2132 3062 et

128 3120 309 3168 contra
329 3115 596 3174 ordinem
616 3116 737 3172 fore
753 3157 770 3184 ‚
794 3115 842 3171 si
865 3112 1175 3170 oscitarent
1201 3111 1536 3170 hesternum
1550 3155 1565 3184 ‚
1598 3124 1657 3170 et
1678 3123 1803 3168 toto
1827 3123 2130 3169 sterterent

126 3208 238 3282 die,
269 3217 521 3278 ferarum
560 3233 662 3278 aut
692 3223 1097 3300 jumentorum
1136 3238 1297 3275 more
1341 3217 1695 3296 (44—61).
1735 3217 2124 3296 Remedium,

127 3313 272 3376 addit
291 3364 308 3392 ‚
349 3324 563 3383 frustra
602 3325 746 3383 olim
786 3345 1012 3402 quaeres
1035 3345 1050 3380 z
1096 3326 1354 3381 venienti
1394 3327 1668 3381 occurrite
1712 3326 1929 3380 morbo.
1974 3322 2120 3380 Inde

127 3423 290 3482 totius
321 3429 601 3490 doctrinae
633 3431 964 3489 Stoicorum
991 3450 1281 3509 summam
1311 3430 1524 3487 divinis
1563 3431 1839 3489 undecim
1865 3430 2128 3489 versibus

129 3533 553 3610 complectitur:

289 3713 298 3722 ·
385 3677 586 3729 Discite
603 3714 620 3742 ,
647 3679 682 3728 ὁ
713 3676 924 3740 miseri,
948 3689 1001 3729 et
1027 3695 1206 3729 causas
1231 3677 1536 3747 cognoscite
1559 3676 1773 3728 rerum!

385 3762 537 3828 Quid
559 3781 745 3814 sumus
765 3800 781 3826 ,
805 3776 858 3815 et
879 3763 1140 3835 quidnam
1158 3763 1359 3816 victuri
1377 3763 1683 3834 gignimur;
1706 3762 1843 3814 ordo

384 3851 522 3916 Quis
543 3848 702 3902 datus
722 3887 739 3912 ,
759 3863 854 3902 aut
872 3863 1026 3903 metae
1050 3853 1212 3920 quam
1232 3850 1408 3902 mollis
1426 3849 1595 3901 flexus
1614 3886 1630 3912 ,
1652 3861 1706 3900 et
1723 3845 1914 3898 unde?

383 3937 519 4002 Quis
542 3935 738 3990 modus
756 3953 974 4008 argento
993 3959 1008 4005 ;
1035 3935 1172 4008 quid
1194 3936 1268 3989 fas
1290 3950 1509 4010 optare3
1534 3934 1669 4007 quid
1690 3953 1845 4007 asper
