2775 4619
739 315 810 381 C.
869 314 1276 380 LUCILII
1339 315 1611 382 VITA.
1720 353 1723 358 ·
1780 327 1783 336 '
2060 314 2187 384 223

205 442 289 500 In
317 437 548 500 Lucilia
573 453 746 520 gente
772 433 1004 520 plebeia
1019 485 1037 514 ‚
1065 441 1249 501 varias
1275 441 1524 500 familias
1546 440 1726 502 fuisse
1752 442 2057 521 comperio
2072 487 2093 515 .,
2119 457 2191 510 ut

123 538 356 596 Balbos
374 581 392 610 ‚
419 542 622 596 Bassos
638 581 656 609 ‚
681 538 902 611 Rufos,
927 537 1232 598 Secundos
1247 581 1264 609 ‚
1289 542 1558 618 Longos,
1584 538 1894 618 capitones
1910 582 1928 610 ,
1953 537 2030 596 de
2054 541 2193 617 qui-

120 635 248 694 bus
279 635 533 714 singulis
565 636 914 696 consulendi
953 636 1160 696 Cicero
1200 637 1265 695 in
1301 639 1523 708 Brut03
1555 635 1951 715 Epistularum
1981 636 2187 697 Famil.

119 733 235 791 lib.
285 737 380 791 111
401 776 419 804 ,
453 733 622 812 epist.
661 735 737 806 53
766 735 842 794 ad
883 735 1148 794 Atticum
1169 777 1187 808 ‚
1227 734 1331 794 lib.
1378 737 1498 792 XII
1526 776 1545 806 ,
1588 734 1758 811 epist.
1798 733 1876 807 53
1915 734 2185 808 Tacitus,

120 831 234 890 lib.
265 834 361 888 XI
387 832 602 890 Histor.
625 834 986 912 Pomponius
1016 835 1161 912 J-C.
1188 832 1266 892 de
1287 832 1531 912 Origine
1552 835 1587 891 J
1589 831 1711 890 uris
1723 853 1741 906 ;
1769 831 2186 912 Inscriptiones

117 940 366 986 veteres
383 969 401 998 ‚
424 928 543 986 alii.

201 1029 402 1084 Natus
441 1021 533 1084 'est
577 1026 840 1085 Lucilius
857 1070 874 1099 ‚
913 1030 1018 1106 sp.
1062 1027 1407 1087 Posthumio
1442 1026 1663 1086 Albino
1688 1068 1706 1099 ,
1748 1032 1815 1087 L.
1856 1027 2181 1108 Calpurnio

117 1125 346 1182 Pisone
390 1143 538 1182 coss.
585 1144 740 1182 anno
789 1128 856 1183 V.
900 1128 963 1184 C.
1008 1129 1188 1197 DCV,
1243 1125 1405 1185 bello
1450 1125 1673 1184 Punico
1718 1125 1891 1184 tertio
1913 1169 1930 1197 ‚
1968 1125 2183 1204 Olym-

117 1221 308 1298 piade
333 1223 573 1280 CLVIII
588 1263 606 1292 ,
627 1219 852 1282 Suessae
871 1227 1290 1282 Auruncorum
1307 1245 1325 1296 ;
1349 1222 1511 1282 unde
1534 1223 1722 1282 satirae
1742 1223 1872 1303 ejus
1893 1226 2182 1282 Camoena

116 1321 346 1376 Suessa
377 1319 452 1377 ab
484 1322 749 1380 Ausonio
787 1321 1070 1380 dicuntur
1086 1364 1103 1392 ,
1131 1333 1192 1380 et
1233 1342 1479 1397 magnus
1512 1325 1808 1378 Auruncoe
1845 1321 2121 1380 alumnus
2146 1342 2183 1380 a

117 1421 152 1474 J
157 1416 419 1474 uvenale
436 1430 709 1488 vocatur,
731 1418 1076 1479 observante
1098 1438 1310 1498 magno
1333 1418 1647 1502 Scaligero.
1667 1418 1793 1477 Sub
1816 1422 1879 1477 P.
1903 1418 2182 1498 Scipione

117 1513 410 1572 Africano
433 1515 660 1574 minore
677 1557 694 1586 ‚
720 1515 880 1574 bello
902 1515 1263 1575 Numantino
1297 1515 1500 1595 (quod
1525 1514 1736 1595 incipit
1766 1515 1829 1573 in
1854 1535 2077 1574 annum
2108 1511 2179 1575 V.
2242 1518 2246 1522 ”

125 1613 191 1670 C.
224 1611 492 1690 DCXX)
512 1655 528 1684 ‚
559 1614 846 1692 stipendia
875 1615 1125 1685 meruit,
1166 1633 1288 1692 quo
1326 1611 1571 1692 quidem
1598 1627 1895 1692 tempore,
1928 1633 2066 1675 eum
2100 1613 2178 1673 ad

115 1728 316 1768 annos
344 1709 595 1769 maxime
627 1724 834 1772 natum
870 1712 1165 1772 sexdecim
1204 1711 1559 1792 colligimus.
1582 1711 1861 1791 Ejusdem
1884 1711 2180 1789 Scipionis

115 1807 310 1864 vitam
334 1807 619 1885 privatam
647 1821 848 1887 postea
876 1809 1182 1888 descripsit
1200 1854 1218 1881 ‚
1241 1809 1305 1868 in
1333 1830 1455 1889 quo
1480 1807 2178 1888 Pseudoporphyrionem

115 1902 428 1961 manifesti
464 1905 676 1964 erroris
708 1907 1006 1966 convincit
1045 1927 1254 1986 parens
1290 1927 1491 1978 meus,
1523 1899 1629 1985 q'ui
1662 1909 1953 1964 Lucilium
1980 1909 2176 1964 'vitam

101 2005 418 2077 privatam
453 2004 738 2079 Scipionis
757 2049 779 2076 ,
811 2007 1066 2063 Ennium
1109 2026 1253 2063 vero
1303 2007 1458 2062 bella
1500 2007 1864 2081 descn'pscssrse
1893 2015 2173 2065 annotat:

114 2100 226 2160 uhi
264 2099 424 2158 male
458 2101 698 2160 nomina
737 2102 1083 2182 Scipionum
1118 2103 1270 2162 inter
1317 2123 1378 2162 se
1418 2101 1679 2161 confusa.
1717 2103 1973 2160 Ennium
2013 2103 2177 2163 enim

115 2197 420 2276 Scipionis
449 2199 685 2272 majoris
719 2220 812 2259 res
854 2213 1043 2280 gestas
1082 2200 1359 2259 cecinisse
1400 2212 1643 2260 constat.
1676 2201 1939 2258 Lucilius
1972 2213 2177 2261 autem

113 2309 184 2354 ut
212 2295 490 2370 ejusdem
515 2297 692 2357 vitam
718 2299 1002 2377 privatam
1027 2297 1397 2379 descripserit
1413 2341 1431 2370 ,
1457 2298 1607 2359 ratio
1634 2313 1972 2380 temporum
2000 2299 2175 2379 plane

111 2406 300 2453 vetat.
327 2395 568 2453 Amicos
591 2414 661 2453 ac
692 2396 1004 2457 familiares
1043 2397 1258 2483 Lucilii
1300 2397 1413 2457 hos
1451 2398 1631 2457 fuisse
1668 2398 2045 2477 potissimum
2080 2419 2175 2457 re-

115 2484 332 2570 peri'o:
365 2495 429 2550 P.
460 2494 797 2571 Scipionem
829 2495 1174 2554 Africanum
1203 2494 1527 2569 minorem,
1558 2500 1622 2555 C.
1650 2494 1896 2555 Laelium
1918 2540 1935 2569 ‚
1964 2500 2050 2554 M.
2076 2497 2177 2554 Li-

111 2590 348 2649 cinium
377 2591 647 2648 Crassum
663 2635 681 2663 ‚
707 2594 808 2670 Sp.
846 2592 1132 2650 Albinum
1154 2634 1172 2663 ‚
1197 2595 1265 2650 L.
1295 2593 1535 2651 Aelium
1561 2592 1881 2663 Stilonem,
1909 2596 1982 2665 Q.
2010 2597 2174 2651 Vec-

109 2687 270 2745 tium
303 2730 322 2758 ‚
367 2686 722 2745 Archelaum
743 2733 760 2761 ‚
799 2691 863 2748 P.
909 2689 1319 2748 Philocomum
1342 2734 1359 2762 ,
1405 2690 1653 2750 Laelium
1700 2690 2013 2748 Decimum
2041 2732 2059 2761 ‚
2094 2693 2167 2767 Q.

109 2782 412 2843 Granium
435 2787 789 2845 Praeconem.
1159 2778 1164 2783 ’
1442 2857 1447 2861 ,

183 2881 562 2941 Nominatim
585 2884 800 2962 carpsit
831 2895 892 2945 et
917 2884 1228 2965 exagitavit
1254 2885 1317 2944 in
1350 2885 1569 2957 satiris,
1596 2896 1888 2963 quantum
1926 2880 2173 2962 quidem

106 3000 178 3037 ex
219 2979 500 3057 pauculis
541 2978 633 3039 his
672 2981 1010 3061 fragmentis
1051 2983 1286 3042 odorari
1327 3002 1645 3063 possumus
1662 3025 1679 3054 ‚
1708 2982 1970 3041 Mutium
2006 2983 2173 3041 Scae-

87 3077 314 3137 ·volam
336 3120 354 3149 ,
397 3062 467 3137 T.
505 3078 818 3137 Albutium
844 3124 860 3151 ‚
903 3084 976 3153 Q.
1026 3081 1326 3139 Caecilium
1371 3079 1685 3139 Metellum
1712 3121 1731 3152 ‚
1766 3082 1830 3137 P.
1875 3078 2171 3139 Rutilium

104 3176 360 3253 Lupum
377 3217 399 3245 ‚
435 3179 802 3253 Torquatum
823 3221 840 3249 ‚
869 3181 954 3236 M.
996 3178 1324 3237 Carbonem
1347 3222 1364 3250 ‚
1395 3181 1463 3236 L.
1492 3177 1803 3237 Tubulum
1818 3222 1836 3250 ,
1865 3181 1930 3236 P.
1960 3177 2171 3238 Gallo-
2256 3194 2264 3203 ·

101 3275 282 3331 nium
306 3314 324 3343 ,
357 3272 423 3329 C.
463 3274 728 3332 Cassium
745 3317 762 3345 ‚
791 3279 859 3334 L.
897 3277 1128 3334 Cottam
1148 3319 1165 3347 ‚
1205 3275 1523 3335 Claudium
1562 3274 1832 3339 Asellum
1850 3319 1869 3350 ,
1903 3279 1977 3349 Q.
2012 3276 2170 3354 Opi-

103 3373 302 3430 mium
325 3412 345 3440 ,
383 3372 858 3445 Nomentanum3
904 3376 966 3432 C.
1011 3374 1264 3434 Coelium
1311 3374 1587 3433 Judicem
1608 3418 1626 3447 ‚
1664 3373 2033 3434 Trebellium
2050 3416 2067 3445 ,
2098 3378 2163 3432 P.
2234 3412 2239 3418 -

101 3471 348 3527 Pavum.
381 3468 747 3528 Tuditanum
767 3514 784 3542 ‚
816 3471 999 3545 alios3
1023 3462 1182 3551 'quin
1217 3472 1561 3531 universum
1596 3490 1839 3552 quoque
1872 3469 2167 3553 populum

101 3568 452 3641 Romanum
495 3566 765 3628 tributim
783 3611 801 3640 ‚
835 3580 907 3627 ut
945 3570 1143 3649 inquit
1184 3571 1493 3642 Horatius,
1528 3570 1811 3650 arripiens
1828 3612 1845 3641 ,
1880 3567 1996 3626 hoc
2034 3579 2125 3626 est
2144 3610 2163 3640 ‚

100 3684 320 3725 omnes
345 3666 580 3724 XXXV
612 3665 802 3727 tribus
841 3667 1006 3725 urbis
1045 3668 1300 3747 antiquae
1319 3711 1336 3739 ‚
1367 3669 1669 3747 probrosis
1699 3665 2057 3727 carminibus
2085 3665 2167 3724 la·

101 3763 362 3823 cer-avit:
395 3782 491 3834 ac,
518 3783 593 3821 ne
617 3780 652 3821 a
678 3764 867 3843 poetis
895 3765 1141 3845 quidem
1172 3767 1421 3825 mortuis
1448 3765 1761 3846 Euripide,
1789 3763 1978 3822 Ennio
1997 3805 2014 3833 ,
2042 3764 2165 3821 Cae-

100 3862 246 3921 cilio
264 3905 286 3933 ,
323 3860 579 3920 Pacuvio
598 3904 617 3934 ‚
656 3862 836 3923 Accio
863 3906 880 3935 ‚
916 3863 1166 3944 aliisque
1205 3865 1349 3923 item
1398 3863 1726 3923 illustribus
1768 3861 2165 3921 obtrectandis

109 3970 447 4039 temperare
468 3958 668 4037 potuit
693 3960 805 4019 sibi
821 4004 839 4034 ,
861 3963 1184 4040 quominus
1214 3963 1322 4023 scri
1327 3963 1444 4041 ptis
1464 3961 1929 4041 uniuscujusque
1950 3960 2163 4040 saepius
