2775 4619
563 402 689 480 114
804 395 1228 463 sATmAE
1275 394 1723 479 QUINTAE
1765 394 2351 487 ARGUMEN‘r.

551 535 791 583 stertere
813 535 876 581 et
897 520 1016 581 frui
1042 519 1295 579 volentis
1316 564 1336 591 ,
1365 516 1548 599 quium
1577 518 1797 579 luctata
1822 521 1982 580 canis
1996 562 2014 592 ‚
2044 536 2191 601 quae·
2208 518 2442 581 nodum
2473 526 2606 603 qui-

551 630 690 689 dem
733 629 1013 707 arripuit,
1045 638 1303 686 attamen
1337 647 1372 685 a
1416 626 1573 687 collo
1612 638 1839 705 partem
1882 639 2103 687 catenae
2138 627 2317 687 trahit
2354 630 2607 706 (140—

558 736 746 813 16o);
778 754 888 793 nec
927 735 1127 791 minus
1168 752 1370 792 servus
1408 732 1643 812 juvenis
1684 734 1794 790 iste
1834 733 2049 791 amoris
2086 733 2315 811 indigni
2336 722 2609 793 'vinculis

551 842 831 901 irretitus.
861 838 1023 911 Quid
1057 838 1262 897 faciam
1277 880 1294 910 ‚
1325 838 1523 917 inquit
1537 880 1555 908 ‚
1580 838 1631 895 si
1658 858 1755 897 me
1788 822 1961 897 vocet
1988 858 2121 897 mea
2149 838 2343 897 dulcis
2377 841 2606 899 amica?

551 965 791 1016 eamne,
831 964 908 1001 an
949 933 1210 1002 restem?
1245 944 1308 1001 si
1349 955 1443 1001 eat
1460 988 1477 1015 ,
1519 962 1722 1001 servus
1752 964 1778 1019 ς’
1810 944 1858 1001 si
1902 956 2165 1017 recuset,
2197 956 2342 1003 tunc
2382 944 2487 1003 hic
2526 960 2609 1004 est

553 1072 736 1131 quem
760 1050 1081 1129 quaerimus
1093 1068 1232 1109 vere
1251 1048 1509 1108 liberum
1538 1061 1600 1108 et
1626 1048 1996 1128 sapientem(
2019 1052 2123 1109 161
2137 1083 2219 1095 --
2235 1051 2410 1129 175).
2437 1051 2608 1111 Idem

552 1158 673 1217 dici
707 1168 902 1237 potest
941 1156 1018 1215 de
1055 1155 1417 1227 ambitiosi33
1446 1174 1555 1213 nec
1596 1132 1789 1214 multo
1830 1156 2028 1215 minus
2070 1155 2147 1215 de
2184 1156 2608 1235 superstitiosis

557 1262 902 1341 (161—188
930 1267 972 1335 ).
1004 1264 1160 1321 Tum
1187 1261 1433 1321 demum
1460 1260 1669 1320 lectori
1694 1260 2099 1343 colligendum
2125 1262 2287 1321 istud
2311 1268 2497 1343 poeta
2520 1286 2609 1323 re-

535 1368 765 1448 liquit3
803 1367 1063 1427 seilicet:
1099 1387 1300 1425 omnes
1335 1370 1525 1427 malos
1566 1387 1757 1427 servos
1790 1386 1915 1425 esse
1932 1390 1955 1437 ‚-
1986 1370 2281 1425 neminem
2294 1412 2317 1441 ,
2360 1372 2484 1428 ηἰεί
2514 1391 2611 1428 sa-

544 1477 809 1553 pientem
824 1519 847 1547 ,
881 1476 1139 1531 liberum.
1165 1472 1351 1531 Addit
1379 1485 1574 1533 tamen
1606 1473 1774 1553 qnod
1796 1474 2169 1533 verissimum
2192 1487 2283 1533 est
2304 1496 2323 1531 t

840 1603 1060 1657 Dixeris
1084 1603 1202 1657 haec
1228 1602 1375 1655 inter
1399 1602 1667 1657 varicosos
1694 1604 2039 1662 centuriones
2055 1641 2074 1670 ,

844 1692 1126 1746 Continuo
1151 1709 1395 1745 crassum
1420 1689 1564 1745 ridet
1588 1690 1873 1745 Pulfenius
1899 1692 2124 1764 ingens,

844 1780 916 1833 Et
941 1792 1164 1835 centum
1191 1780 1411 1833 Graecos
1438 1792 1597 1833 curto
1625 1793 1874 1833 centusse
1898 1780 2113 1835 licetur.

555 1910 632 1967 Et
665 1919 754 1967 est
797 1926 864 1965 ea
906 1906 1080 1965 satira
1119 1905 1458 1985 dignissima
1474 1948 1493 1976 ,
1522 1925 1655 1985 quae
1698 1906 1854 1979 inter
1895 1925 2107 1966 manus
2138 1908 2441 1987 juvenum
2476 1932 2612 1990 per-

556 2028 742 2097 petuo
773 2027 1058 2073 versetur.
1088 2016 1172 2072 Ea
1200 2014 1571 2093 praecipuum
1608 2013 1825 2092 dogma
1863 2015 2189 2073 stoicorum
2226 2017 2415 2075 offert
2448 2020 2614 2097 quod

556 2123 771 2182 frustra
795 2121 1073 2181 Horatius
1098 2123 1387 2200 exagitare
1410 2133 1471 2179 et
1496 2120 1741 2179 irridere
1774 2134 2022 2183 conatus
2050 2135 2139 2203 est
2152 2166 2170 2195 ,
2199 2124 2266 2181 in
2294 2137 2407 2183 sat.
2443 2127 2479 2184 3
2506 2126 2610 2185 lib.

559 2228 774 2309 primi,
793 2241 853 2287 et
867 2228 1029 2287 alibi.
1046 2227 1210 2287 Nihil
1231 2227 1487 2286 dubium
1505 2228 1651 2307 quin
1664 2272 1683 2301 ‚
1706 2228 1769 2287 in
1790 2228 2212 2307 qualicumque
2230 2230 2581 2291 conditione
2594 2276 2612 2303 ,

560 2333 716 2394 liber
753 2335 916 2393 solus
951 2335 1028 2394 sit
1067 2346 1130 2396 et
1167 2333 1342 2406 felix,
1387 2335 1495 2414 qui
1536 2354 1659 2396 non
1712 2336 1887 2394 servit
1927 2335 2281 2412 ambitioni,
2321 2339 2577 2398 avaritiae
2592 2383 2613 2412 ,

562 2439 814 2500 luxuriae
828 2482 847 2511 ,
876 2451 989 2499 etc.
