<?xml version="1.0" encoding="UTF-8"?>
<!DOCTYPE html PUBLIC "-//W3C//DTD XHTML 1.0 Transitional//EN"
    "http://www.w3.org/TR/xhtml1/DTD/xhtml1-transitional.dtd">
<html xmlns="http://www.w3.org/1999/xhtml" xml:lang="en" lang="en">
 <head>
  <title>
</title>
<meta http-equiv="Content-Type" content="text/html;charset=utf-8" />
  <meta name='ocr-system' content='tesseract 3.04.00' />
  <meta name='ocr-capabilities' content='ocr_page ocr_carea ocr_par ocr_line ocrx_word'/>
</head>
<body>
  <div class='ocr_page' id='page_1' title='image "aulipersiiflacc00achagoog_0164.png"; bbox 0 0 2775 4619; ppageno 0'>
   <div class='ocr_carea' id='block_1_1' title="bbox 512 376 634 422">
    <p class='ocr_par' dir='ltr' id='par_1_1' title="bbox 512 376 634 422">
     <span class='ocr_line' id='line_1_1' title="bbox 512 376 634 422; baseline 0.016 -2"><span class='ocrx_word' id='word_1_1' title='bbox 512 376 634 422; x_wconf 82' lang='lat'><strong>120</strong></span> 
     </span>
    </p>
   </div>
   <div class='ocr_carea' id='block_1_2' title="bbox 1029 355 1979 423">
    <p class='ocr_par' dir='ltr' id='par_1_2' title="bbox 1029 355 1979 423">
     <span class='ocr_line' id='line_1_2' title="bbox 1029 355 1979 423; baseline 0.001 -4"><span class='ocrx_word' id='word_1_2' title='bbox 1029 355 1110 420; x_wconf 84' lang='lat' dir='ltr'><strong>A.</strong></span> <span class='ocrx_word' id='word_1_3' title='bbox 1157 355 1534 422; x_wconf 89' lang='lat' dir='ltr'><strong>PERSII</strong></span> <span class='ocrx_word' id='word_1_4' title='bbox 1597 355 1979 423; x_wconf 80' lang='lat' dir='ltr'>F-LACCI</span> 
     </span>
    </p>
   </div>
   <div class='ocr_carea' id='block_1_3' title="bbox 582 503 2375 686">
    <p class='ocr_par' dir='ltr' id='par_1_3' title="bbox 582 503 2375 686">
     <span class='ocr_line' id='line_1_3' title="bbox 1315 503 1727 546; baseline 0 -2"><span class='ocrx_word' id='word_1_5' title='bbox 1315 503 1727 546; x_wconf 66' lang='lat' dir='ltr'><strong>rnns1us</strong></span> 
     </span>
     <span class='ocr_line' id='line_1_4' title="bbox 582 591 2375 686; baseline 0.001 -26"><span class='ocrx_word' id='word_1_6' title='bbox 582 592 648 660; x_wconf 91' lang='lat' dir='ltr'>N</span> <span class='ocrx_word' id='word_1_7' title='bbox 649 617 735 658; x_wconf 90' lang='lat' dir='ltr'><strong>on</strong></span> <span class='ocrx_word' id='word_1_8' title='bbox 757 593 1074 682; x_wconf 49' lang='lat' dir='ltr'><strong>‘equidem</strong></span> <span class='ocrx_word' id='word_1_9' title='bbox 1099 595 1228 660; x_wconf 90' lang='lat' dir='ltr'><strong>hoc</strong></span> <span class='ocrx_word' id='word_1_10' title='bbox 1255 594 1523 676; x_wconf 84' lang='lat' dir='ltr'><strong>studeo,</strong></span> <span class='ocrx_word' id='word_1_11' title='bbox 1550 596 1811 683; x_wconf 79' lang='lat' dir='ltr'><strong>pullatis</strong></span> <span class='ocrx_word' id='word_1_12' title='bbox 1838 609 1913 659; x_wconf 89' lang='lat' dir='ltr'><strong>ut</strong></span> <span class='ocrx_word' id='word_1_13' title='bbox 1936 594 2101 660; x_wconf 85' lang='lat' dir='ltr'><strong>mihi</strong></span> <span class='ocrx_word' id='word_1_14' title='bbox 2128 591 2319 686; x_wconf 81' lang='lat' dir='ltr'><strong>nugis</strong></span> <span class='ocrx_word' id='word_1_15' title='bbox 2368 633 2375 640; x_wconf 91' lang='lat'><em>·</em></span> 
     </span>
    </p>
   </div>
   <div class='ocr_carea' id='block_1_4' title="bbox 583 695 2551 800">
    <p class='ocr_par' dir='ltr' id='par_1_4' title="bbox 583 695 2551 800">
     <span class='ocr_line' id='line_1_5' title="bbox 583 695 2551 800; baseline -0.002 -25"><span class='ocrx_word' id='word_1_16' title='bbox 583 695 828 800; x_wconf 83' lang='lat' dir='ltr'>Pagina</span> <span class='ocrx_word' id='word_1_17' title='bbox 853 727 1210 799; x_wconf 81' lang='lat' dir='ltr'>turgescat,</span> <span class='ocrx_word' id='word_1_18' title='bbox 1237 711 1393 775; x_wconf 90' lang='lat' dir='ltr'><strong>dare</strong></span> <span class='ocrx_word' id='word_1_19' title='bbox 1420 711 1683 800; x_wconf 89' lang='lat' dir='ltr'><strong>pondus</strong></span> <span class='ocrx_word' id='word_1_20' title='bbox 1710 711 1948 776; x_wconf 86' lang='lat' dir='ltr'><strong>idonea</strong></span> <span class='ocrx_word' id='word_1_21' title='bbox 1976 713 2179 776; x_wconf 85' lang='lat' dir='ltr'><strong>fumo.</strong></span> <span class='ocrx_word' id='word_1_22' title='bbox 2474 737 2551 773; x_wconf 64' lang='grc' dir='ltr'><strong>πο</strong></span> 
     </span>
    </p>
   </div>
   <div class='ocr_carea' id='block_1_5' title="bbox 586 826 2317 922">
    <p class='ocr_par' dir='ltr' id='par_1_5' title="bbox 586 826 2317 922">
     <span class='ocr_line' id='line_1_6' title="bbox 586 826 2317 922; baseline 0.001 -32"><span class='ocrx_word' id='word_1_23' title='bbox 586 827 829 892; x_wconf 86' lang='lat' dir='ltr'><strong>Secreti</strong></span> <span class='ocrx_word' id='word_1_24' title='bbox 855 826 1230 922; x_wconf 84' lang='lat' dir='ltr'><strong>loquimur:</strong></span> <span class='ocrx_word' id='word_1_25' title='bbox 1263 827 1385 892; x_wconf 90' lang='lat' dir='ltr'><strong>tibi</strong></span> <span class='ocrx_word' id='word_1_26' title='bbox 1415 851 1627 908; x_wconf 86' lang='lat' dir='ltr'><strong>nunc,</strong></span> <span class='ocrx_word' id='word_1_27' title='bbox 1655 828 1954 893; x_wconf 83' lang='lat' dir='ltr'><strong>hortante</strong></span> <span class='ocrx_word' id='word_1_28' title='bbox 1978 830 2317 908; x_wconf 67' lang='lat' dir='ltr'><strong>Garumna,</strong></span> 
     </span>
    </p>
   </div>
   <div class='ocr_carea' id='block_1_6' title="bbox 494 941 2329 1032">
    <p class='ocr_par' dir='ltr' id='par_1_6' title="bbox 494 941 2329 1032">
     <span class='ocr_line' id='line_1_7' title="bbox 494 941 2329 1032; baseline 0.001 -27"><span class='ocrx_word' id='word_1_29' title='bbox 494 955 502 965; x_wconf 72' lang='grc'><em>“</em></span> <span class='ocrx_word' id='word_1_30' title='bbox 583 941 986 1006; x_wconf 83' lang='lat' dir='ltr'>Excutienda</span> <span class='ocrx_word' id='word_1_31' title='bbox 1013 942 1240 1007; x_wconf 88' lang='lat' dir='ltr'><strong>damus</strong></span> <span class='ocrx_word' id='word_1_32' title='bbox 1266 943 1664 1032; x_wconf 84' lang='lat' dir='ltr'><strong>praecordia:</strong></span> <span class='ocrx_word' id='word_1_33' title='bbox 1692 961 2065 1032; x_wconf 85' lang='lat' dir='ltr'><strong>quantaque</strong></span> <span class='ocrx_word' id='word_1_34' title='bbox 2092 960 2329 1008; x_wconf 84' lang='lat' dir='ltr'><strong>nostrae</strong></span> 
     </span>
    </p>
   </div>
   <div class='ocr_carea' id='block_1_7' title="bbox 586 1059 2358 1142">
    <p class='ocr_par' dir='ltr' id='par_1_7' title="bbox 586 1059 2358 1142">
     <span class='ocr_line' id='line_1_8' title="bbox 586 1059 2358 1142; baseline 0.001 -20"><span class='ocrx_word' id='word_1_35' title='bbox 586 1059 742 1122; x_wconf 84' lang='lat' dir='ltr'><strong>Pars</strong></span> <span class='ocrx_word' id='word_1_36' title='bbox 770 1075 879 1122; x_wconf 88' lang='lat' dir='ltr'><strong>tua</strong></span> <span class='ocrx_word' id='word_1_37' title='bbox 903 1060 1017 1139; x_wconf 86' lang='lat' dir='ltr'><strong>sit,</strong></span> <span class='ocrx_word' id='word_1_38' title='bbox 1043 1061 1329 1124; x_wconf 87' lang='lat' dir='ltr'><strong>Cornute</strong></span> <span class='ocrx_word' id='word_1_39' title='bbox 1349 1109 1367 1141; x_wconf 89' lang='lat'>,</span> <span class='ocrx_word' id='word_1_40' title='bbox 1397 1061 1663 1142; x_wconf 81' lang='lat' dir='ltr'><strong>animae,</strong></span> <span class='ocrx_word' id='word_1_41' title='bbox 1694 1061 1815 1124; x_wconf 88' lang='lat' dir='ltr'><strong>tibi</strong></span> <span class='ocrx_word' id='word_1_42' title='bbox 1834 1109 1852 1141; x_wconf 90' lang='lat'>‚</span> <span class='ocrx_word' id='word_1_43' title='bbox 1880 1059 2087 1126; x_wconf 81' lang='lat' dir='ltr'><strong>dulcis</strong></span> <span class='ocrx_word' id='word_1_44' title='bbox 2114 1060 2320 1124; x_wconf 86' lang='lat' dir='ltr'><strong>amice</strong></span> <span class='ocrx_word' id='word_1_45' title='bbox 2339 1108 2358 1139; x_wconf 92' lang='lat'>‚</span> 
     </span>
    </p>
   </div>
   <div class='ocr_carea' id='block_1_8' title="bbox 431 1248 1482 3811">
    <p class='ocr_par' dir='ltr' id='par_1_8' title="bbox 431 1248 1480 1564">
     <span class='ocr_line' id='line_1_9' title="bbox 431 1248 1479 1321; baseline 0 -17"><span class='ocrx_word' id='word_1_46' title='bbox 431 1285 438 1290; x_wconf 95' lang='lat'>-</span> <span class='ocrx_word' id='word_1_47' title='bbox 498 1248 656 1304; x_wconf 78' lang='lat' dir='ltr'><strong>foedis</strong></span> <span class='ocrx_word' id='word_1_48' title='bbox 701 1251 865 1303; x_wconf 89' lang='lat' dir='ltr'><strong>coenis</strong></span> <span class='ocrx_word' id='word_1_49' title='bbox 925 1250 1154 1303; x_wconf 87' lang='lat' dir='ltr'>abhorre</span> <span class='ocrx_word' id='word_1_50' title='bbox 1189 1288 1206 1313; x_wconf 82' lang='lat'><strong>‚</strong></span> <span class='ocrx_word' id='word_1_51' title='bbox 1260 1262 1313 1304; x_wconf 87' lang='lat' dir='ltr'><strong>et</strong></span> <span class='ocrx_word' id='word_1_52' title='bbox 1361 1251 1479 1321; x_wconf 89' lang='lat' dir='ltr'><strong>ple-</strong></span> 
     </span>
     <span class='ocr_line' id='line_1_10' title="bbox 495 1319 1479 1402; baseline 0.001 -20"><span class='ocrx_word' id='word_1_53' title='bbox 495 1329 640 1383; x_wconf 87' lang='lat' dir='ltr'><strong>beias</strong></span> <span class='ocrx_word' id='word_1_54' title='bbox 659 1349 743 1382; x_wconf 91' lang='lat' dir='ltr'><strong>res</strong></span> <span class='ocrx_word' id='word_1_55' title='bbox 764 1319 978 1383; x_wconf 79' lang='lat' dir='ltr'><strong>tantum</strong></span> <span class='ocrx_word' id='word_1_56' title='bbox 996 1331 1203 1402; x_wconf 87' lang='lat' dir='ltr'><strong>inspice</strong></span> <span class='ocrx_word' id='word_1_57' title='bbox 1217 1367 1235 1395; x_wconf 85' lang='lat'><em>‚</em></span> <span class='ocrx_word' id='word_1_58' title='bbox 1253 1330 1479 1398; x_wconf 87' lang='lat' dir='ltr'><strong>scilicet,</strong></span> 
     </span>
     <span class='ocr_line' id='line_1_11' title="bbox 495 1411 1480 1484; baseline 0.002 -22"><span class='ocrx_word' id='word_1_59' title='bbox 495 1411 696 1463; x_wconf 84' lang='lat' dir='ltr'><strong>luxum</strong></span> <span class='ocrx_word' id='word_1_60' title='bbox 716 1424 770 1464; x_wconf 91' lang='lat' dir='ltr'><strong>et</strong></span> <span class='ocrx_word' id='word_1_61' title='bbox 785 1414 1072 1483; x_wconf 81' lang='lat' dir='ltr'><strong>corru&#39;ptos</strong></span> <span class='ocrx_word' id='word_1_62' title='bbox 1092 1411 1286 1484; x_wconf 78' lang='lat' dir='ltr'><strong>populi</strong></span> <span class='ocrx_word' id='word_1_63' title='bbox 1303 1430 1480 1464; x_wconf 86' lang='lat' dir='ltr'><strong>mores</strong></span> 
     </span>
     <span class='ocr_line' id='line_1_12' title="bbox 495 1491 1196 1564; baseline -0.004 -20"><span class='ocrx_word' id='word_1_64' title='bbox 495 1491 713 1544; x_wconf 85' lang='lat' dir='ltr'><strong>satirico</strong></span> <span class='ocrx_word' id='word_1_65' title='bbox 741 1492 846 1543; x_wconf 87' lang='lat' dir='ltr'><strong>sale</strong></span> <span class='ocrx_word' id='word_1_66' title='bbox 872 1491 1106 1564; x_wconf 84' lang='lat' dir='ltr'>deterge.</span> <span class='ocrx_word' id='word_1_67' title='bbox 1138 1491 1196 1544; x_wconf 90' lang='lat' dir='ltr'><strong>P.</strong></span> 
     </span>
    </p>

    <p class='ocr_par' dir='ltr' id='par_1_9' title="bbox 491 1575 1482 3811">
     <span class='ocr_line' id='line_1_13' title="bbox 576 1575 1478 1641; baseline -0.002 -17"><span class='ocrx_word' id='word_1_68' title='bbox 576 1591 660 1641; x_wconf 87' lang='lat'><strong>19.</strong></span> <span class='ocrx_word' id='word_1_69' title='bbox 704 1577 816 1622; x_wconf 84' lang='lat' dir='ltr'><strong>Non</strong></span> <span class='ocrx_word' id='word_1_70' title='bbox 855 1575 1076 1638; x_wconf 81' lang='lat' dir='ltr'><strong><em>equidem</em></strong></span> <span class='ocrx_word' id='word_1_71' title='bbox 1124 1575 1216 1623; x_wconf 73' lang='lat' dir='ltr'><strong>hoc</strong></span> <span class='ocrx_word' id='word_1_72' title='bbox 1250 1575 1437 1623; x_wconf 81' lang='lat' dir='ltr'><strong>studeo.</strong></span> <span class='ocrx_word' id='word_1_73' title='bbox 1458 1575 1478 1639; x_wconf 94' lang='lat'>]</span> 
     </span>
     <span class='ocr_line' id='line_1_14' title="bbox 496 1651 1479 1724; baseline -0.002 -20"><span class='ocrx_word' id='word_1_74' title='bbox 496 1651 749 1705; x_wconf 86' lang='lat' dir='ltr'><strong>Modeste</strong></span> <span class='ocrx_word' id='word_1_75' title='bbox 773 1651 1069 1724; x_wconf 83' lang='lat' dir='ltr'><strong>respondet</strong></span> <span class='ocrx_word' id='word_1_76' title='bbox 1097 1651 1329 1704; x_wconf 82' lang='lat' dir='ltr'><strong>Persius.</strong></span> <span class='ocrx_word' id='word_1_77' title='bbox 1354 1651 1479 1702; x_wconf 88' lang='lat' dir='ltr'><strong>Non</strong></span> 
     </span>
     <span class='ocr_line' id='line_1_15' title="bbox 495 1731 1480 1798; baseline -0.001 -14"><span class='ocrx_word' id='word_1_78' title='bbox 495 1731 624 1784; x_wconf 86' lang='lat' dir='ltr'><strong>ideo</strong></span> <span class='ocrx_word' id='word_1_79' title='bbox 644 1734 748 1785; x_wconf 88' lang='lat' dir='ltr'><strong>tale</strong></span> <span class='ocrx_word' id='word_1_80' title='bbox 765 1746 954 1786; x_wconf 88' lang='lat' dir='ltr'><strong>votum</strong></span> <span class='ocrx_word' id='word_1_81' title='bbox 973 1733 1106 1798; x_wconf 88' lang='lat' dir='ltr'><strong>feci;</strong></span> <span class='ocrx_word' id='word_1_82' title='bbox 1123 1732 1240 1785; x_wconf 91' lang='lat' dir='ltr'><strong>scil.</strong></span> <span class='ocrx_word' id='word_1_83' title='bbox 1257 1745 1480 1784; x_wconf 87' lang='lat' dir='ltr'><strong>centum</strong></span> 
     </span>
     <span class='ocr_line' id='line_1_16' title="bbox 495 1812 1481 1884; baseline 0.002 -22"><span class='ocrx_word' id='word_1_84' title='bbox 495 1812 633 1864; x_wconf 82' lang='lat' dir='ltr'><strong>mihi</strong></span> <span class='ocrx_word' id='word_1_85' title='bbox 649 1813 757 1864; x_wconf 87' lang='lat' dir='ltr'><strong>sint</strong></span> <span class='ocrx_word' id='word_1_86' title='bbox 773 1815 864 1865; x_wconf 84' lang='lat' dir='ltr'><strong>ora</strong></span> <span class='ocrx_word' id='word_1_87' title='bbox 890 1813 1204 1884; x_wconf 69' lang='lat' dir='ltr'><strong>linguasque</strong></span> <span class='ocrx_word' id='word_1_88' title='bbox 1217 1850 1233 1876; x_wconf 86' lang='lat'>‚</span> <span class='ocrx_word' id='word_1_89' title='bbox 1248 1826 1309 1864; x_wconf 85' lang='lat' dir='ltr'><strong>ut</strong></span> <span class='ocrx_word' id='word_1_90' title='bbox 1323 1831 1481 1882; x_wconf 84' lang='lat' dir='ltr'><strong>gran-</strong></span> 
     </span>
     <span class='ocr_line' id='line_1_17' title="bbox 498 1887 1482 1962; baseline 0.002 -22"><span class='ocrx_word' id='word_1_91' title='bbox 498 1887 585 1941; x_wconf 88' lang='lat' dir='ltr'><strong>dia</strong></span> <span class='ocrx_word' id='word_1_92' title='bbox 617 1902 669 1942; x_wconf 87' lang='lat' dir='ltr'><strong>et</strong></span> <span class='ocrx_word' id='word_1_93' title='bbox 698 1890 949 1943; x_wconf 89' lang='lat' dir='ltr'><strong>sublimia</strong></span> <span class='ocrx_word' id='word_1_94' title='bbox 977 1896 1264 1962; x_wconf 69' lang='lat' dir='ltr'><strong>poetarum</strong></span> <span class='ocrx_word' id='word_1_95' title='bbox 1288 1889 1482 1942; x_wconf 85' lang='lat' dir='ltr'><strong>delira-</strong></span> 
     </span>
     <span class='ocr_line' id='line_1_18' title="bbox 493 1970 1479 2038; baseline 0.001 -17"><span class='ocrx_word' id='word_1_96' title='bbox 493 1985 678 2024; x_wconf 84' lang='lat' dir='ltr'><strong>menta</strong></span> <span class='ocrx_word' id='word_1_97' title='bbox 739 1971 967 2024; x_wconf 85' lang='lat' dir='ltr'><strong>scribam</strong></span> <span class='ocrx_word' id='word_1_98' title='bbox 999 1991 1016 2038; x_wconf 89' lang='lat'>;</span> <span class='ocrx_word' id='word_1_99' title='bbox 1067 1970 1160 2024; x_wconf 89' lang='lat' dir='ltr'><strong>sed</strong></span> <span class='ocrx_word' id='word_1_100' title='bbox 1193 2009 1210 2035; x_wconf 88' lang='lat'>,</span> <span class='ocrx_word' id='word_1_101' title='bbox 1263 1984 1369 2022; x_wconf 88' lang='lat' dir='ltr'><strong>etc.</strong></span> <span class='ocrx_word' id='word_1_102' title='bbox 1411 2002 1479 2012; x_wconf 90' lang='lat'><strong>—</strong></span> 
     </span>
     <span class='ocr_line' id='line_1_19' title="bbox 495 2051 1474 2119; baseline 0.001 -19"><span class='ocrx_word' id='word_1_103' title='bbox 495 2053 704 2102; x_wconf 74' lang='lat' dir='ltr'><strong>Ptellacis</strong></span> <span class='ocrx_word' id='word_1_104' title='bbox 738 2065 794 2100; x_wconf 86' lang='lat' dir='ltr'><strong>ut</strong></span> <span class='ocrx_word' id='word_1_105' title='bbox 823 2053 947 2101; x_wconf 62' lang='lat' dir='ltr'><strong>milii</strong></span> <span class='ocrx_word' id='word_1_106' title='bbox 977 2055 1133 2119; x_wconf 75' lang='lat' dir='ltr'><strong>nugis.</strong></span> <span class='ocrx_word' id='word_1_107' title='bbox 1165 2077 1186 2096; x_wconf 77' lang='grc' dir='ltr'>ι</span> <span class='ocrx_word' id='word_1_108' title='bbox 1205 2052 1272 2102; x_wconf 89' lang='lat' dir='ltr'><strong>In</strong></span> <span class='ocrx_word' id='word_1_109' title='bbox 1302 2051 1474 2103; x_wconf 87' lang='lat' dir='ltr'><strong>omni·</strong></span> 
     </span>
     <span class='ocr_line' id='line_1_20' title="bbox 499 2130 1476 2203; baseline 0 -21"><span class='ocrx_word' id='word_1_110' title='bbox 499 2155 522 2177; x_wconf 75' lang='grc' dir='ltr'>ι</span> <span class='ocrx_word' id='word_1_111' title='bbox 545 2130 648 2183; x_wconf 91' lang='lat' dir='ltr'><strong>bus</strong></span> <span class='ocrx_word' id='word_1_112' title='bbox 663 2169 680 2194; x_wconf 88' lang='lat'><em>‚</em></span> <span class='ocrx_word' id='word_1_113' title='bbox 705 2131 885 2201; x_wconf 89' lang='lat' dir='ltr'><strong>inquit</strong></span> <span class='ocrx_word' id='word_1_114' title='bbox 900 2131 1122 2184; x_wconf 88' lang='lat' dir='ltr'><strong>Casaub.</strong></span> <span class='ocrx_word' id='word_1_115' title='bbox 1141 2131 1354 2203; x_wconf 88' lang='lat' dir='ltr'><strong>scriptis</strong></span> <span class='ocrx_word' id='word_1_116' title='bbox 1368 2149 1476 2182; x_wconf 89' lang='lat' dir='ltr'><strong>ma·</strong></span> 
     </span>
     <span class='ocr_line' id='line_1_21' title="bbox 501 2211 1480 2284; baseline 0.005 -25"><span class='ocrx_word' id='word_1_117' title='bbox 501 2235 524 2258; x_wconf 69' lang='lat' dir='ltr'>t</span> <span class='ocrx_word' id='word_1_118' title='bbox 547 2230 626 2262; x_wconf 91' lang='lat' dir='ltr'><strong>nu</strong></span> <span class='ocrx_word' id='word_1_119' title='bbox 645 2211 797 2264; x_wconf 86' lang='lat' dir='ltr'><strong>libris</strong></span> <span class='ocrx_word' id='word_1_120' title='bbox 811 2250 828 2276; x_wconf 89' lang='lat'>,</span> <span class='ocrx_word' id='word_1_121' title='bbox 850 2211 1172 2284; x_wconf 89' lang='lat' dir='ltr'><strong>quibusdam</strong></span> <span class='ocrx_word' id='word_1_122' title='bbox 1190 2213 1351 2264; x_wconf 86' lang='lat' dir='ltr'><strong>etiam</strong></span> <span class='ocrx_word' id='word_1_123' title='bbox 1367 2211 1480 2264; x_wconf 87' lang='lat' dir='ltr'><strong>edi-</strong></span> 
     </span>
     <span class='ocr_line' id='line_1_22' title="bbox 500 2291 1479 2358; baseline -0.003 -12"><span class='ocrx_word' id='word_1_124' title='bbox 500 2317 524 2339; x_wconf 79' lang='lat'>«</span> <span class='ocrx_word' id='word_1_125' title='bbox 548 2293 644 2355; x_wconf 88' lang='lat' dir='ltr'><strong>tis,</strong></span> <span class='ocrx_word' id='word_1_126' title='bbox 673 2291 982 2346; x_wconf 83' lang='lat' dir='ltr'><strong>invenimus</strong></span> <span class='ocrx_word' id='word_1_127' title='bbox 1026 2305 1333 2345; x_wconf 85' lang='lat' dir='ltr'><strong>constanter</strong></span> <span class='ocrx_word' id='word_1_128' title='bbox 1361 2293 1479 2358; x_wconf 83' lang='lat' dir='ltr'><strong>pul-</strong></span> 
     </span>
     <span class='ocr_line' id='line_1_23' title="bbox 500 2372 1478 2445; baseline 0.004 -24"><span class='ocrx_word' id='word_1_129' title='bbox 500 2398 524 2420; x_wconf 77' lang='lat'><strong>«</strong></span> <span class='ocrx_word' id='word_1_130' title='bbox 547 2376 686 2424; x_wconf 80' lang='lat' dir='ltr'><strong>latis:</strong></span> <span class='ocrx_word' id='word_1_131' title='bbox 701 2393 864 2445; x_wconf 85' lang='lat' dir='ltr'><strong>quam</strong></span> <span class='ocrx_word' id='word_1_132' title='bbox 877 2374 1170 2426; x_wconf 88' lang='lat' dir='ltr'><strong>lectionem</strong></span> <span class='ocrx_word' id='word_1_133' title='bbox 1186 2385 1239 2425; x_wconf 92' lang='lat' dir='ltr'><strong>et</strong></span> <span class='ocrx_word' id='word_1_134' title='bbox 1254 2372 1478 2444; x_wconf 88' lang='lat' dir='ltr'><strong>antiqua</strong></span> 
     </span>
     <span class='ocr_line' id='line_1_24' title="bbox 500 2454 1478 2527; baseline -0.005 -20"><span class='ocrx_word' id='word_1_135' title='bbox 500 2480 524 2502; x_wconf 73' lang='grc' dir='ltr'><strong>α</strong></span> <span class='ocrx_word' id='word_1_136' title='bbox 547 2454 748 2507; x_wconf 88' lang='lat' dir='ltr'><strong>scholia</strong></span> <span class='ocrx_word' id='word_1_137' title='bbox 764 2467 1078 2527; x_wconf 86' lang='lat' dir='ltr'><strong>agnoscunt.</strong></span> <span class='ocrx_word' id='word_1_138' title='bbox 1089 2458 1300 2505; x_wconf 82' lang='lat' dir='ltr'><strong>Pullatoe</strong></span> <span class='ocrx_word' id='word_1_139' title='bbox 1313 2474 1478 2523; x_wconf 65' lang='lat' dir='ltr'><strong>auger,</strong></span> 
     </span>
     <span class='ocr_line' id='line_1_25' title="bbox 501 2534 1478 2609; baseline -0.002 -22"><span class='ocrx_word' id='word_1_140' title='bbox 501 2562 525 2583; x_wconf 75' lang='grc' dir='ltr'>ι</span> <span class='ocrx_word' id='word_1_141' title='bbox 550 2556 671 2609; x_wconf 77' lang='lat' dir='ltr'><strong>quoe</strong></span> <span class='ocrx_word' id='word_1_142' title='bbox 714 2536 936 2607; x_wconf 85' lang='lat' dir='ltr'><strong>pullatis</strong></span> <span class='ocrx_word' id='word_1_143' title='bbox 963 2574 980 2602; x_wconf 90' lang='lat'><strong><em>‚</em></strong></span> <span class='ocrx_word' id='word_1_144' title='bbox 1015 2549 1069 2589; x_wconf 89' lang='lat' dir='ltr'><strong>et</strong></span> <span class='ocrx_word' id='word_1_145' title='bbox 1108 2536 1228 2588; x_wconf 87' lang='lat' dir='ltr'><strong>vilis</strong></span> <span class='ocrx_word' id='word_1_146' title='bbox 1271 2534 1478 2607; x_wconf 87' lang='lat' dir='ltr'><strong>popelli</strong></span> 
     </span>
     <span class='ocr_line' id='line_1_26' title="bbox 499 2614 1480 2689; baseline -0.001 -24"><span class='ocrx_word' id='word_1_147' title='bbox 499 2643 522 2665; x_wconf 72' lang='grc' dir='ltr'>ι</span> <span class='ocrx_word' id='word_1_148' title='bbox 541 2614 753 2689; x_wconf 87' lang='lat' dir='ltr'><strong>judicio</strong></span> <span class='ocrx_word' id='word_1_149' title='bbox 769 2617 876 2668; x_wconf 89' lang='lat' dir='ltr'><strong>sint</strong></span> <span class='ocrx_word' id='word_1_150' title='bbox 889 2615 1186 2688; x_wconf 85' lang='lat' dir='ltr'><strong>probandae</strong></span> <span class='ocrx_word' id='word_1_151' title='bbox 1205 2636 1216 2666; x_wconf 91' lang='lat'>:</span> <span class='ocrx_word' id='word_1_152' title='bbox 1236 2618 1480 2681; x_wconf 83' lang='lat' dir='ltr'><strong>nampul-</strong></span> 
     </span>
     <span class='ocr_line' id='line_1_27' title="bbox 499 2694 1479 2767; baseline 0.003 -25"><span class='ocrx_word' id='word_1_153' title='bbox 499 2718 522 2741; x_wconf 68' lang='grc' dir='ltr'><em>α</em></span> <span class='ocrx_word' id='word_1_154' title='bbox 546 2696 640 2745; x_wconf 78' lang='lat' dir='ltr'><strong>lati</strong></span> <span class='ocrx_word' id='word_1_155' title='bbox 667 2694 815 2767; x_wconf 85' lang='lat' dir='ltr'><strong>apud</strong></span> <span class='ocrx_word' id='word_1_156' title='bbox 848 2695 1088 2749; x_wconf 87' lang='lat' dir='ltr'><strong>Plinium</strong></span> <span class='ocrx_word' id='word_1_157' title='bbox 1107 2733 1125 2760; x_wconf 85' lang='lat'>‚</span> <span class='ocrx_word' id='word_1_158' title='bbox 1153 2694 1479 2747; x_wconf 87' lang='lat' dir='ltr'><strong>Suetonium</strong></span> 
     </span>
     <span class='ocr_line' id='line_1_28' title="bbox 501 2771 1477 2849; baseline 0.002 -24"><span class='ocrx_word' id='word_1_159' title='bbox 501 2802 523 2825; x_wconf 74' lang='grc' dir='ltr'>ι</span> <span class='ocrx_word' id='word_1_160' title='bbox 549 2778 791 2849; x_wconf 86' lang='lat' dir='ltr'><strong>aliosque</strong></span> <span class='ocrx_word' id='word_1_161' title='bbox 851 2789 1120 2829; x_wconf 83' lang='lat' dir='ltr'><strong>vocantur</strong></span> <span class='ocrx_word' id='word_1_162' title='bbox 1183 2780 1207 2828; x_wconf 85' lang='grc' dir='ltr'>ὁ</span> <span class='ocrx_word' id='word_1_163' title='bbox 1273 2771 1477 2843; x_wconf 69' lang='grc' dir='ltr'><strong>χυδαῖος</strong></span> 
     </span>
     <span class='ocr_line' id='line_1_29' title="bbox 498 2856 1474 2927; baseline -0.001 -18"><span class='ocrx_word' id='word_1_164' title='bbox 498 2882 524 2904; x_wconf 78' lang='grc' dir='ltr'>ι</span> <span class='ocrx_word' id='word_1_165' title='bbox 544 2858 699 2925; x_wconf 77' lang='grc' dir='ltr'><strong>ὄχλος.</strong></span> <span class='ocrx_word' id='word_1_166' title='bbox 727 2858 841 2909; x_wconf 90' lang='lat' dir='ltr'><strong>Nec</strong></span> <span class='ocrx_word' id='word_1_167' title='bbox 869 2856 1009 2909; x_wconf 89' lang='lat' dir='ltr'><strong>male</strong></span> <span class='ocrx_word' id='word_1_168' title='bbox 1030 2868 1140 2909; x_wconf 81' lang='lat' dir='ltr'><strong>vet·</strong></span> <span class='ocrx_word' id='word_1_169' title='bbox 1175 2856 1474 2927; x_wconf 85' lang='lat' dir='ltr'><strong>interpres,</strong></span> 
     </span>
     <span class='ocr_line' id='line_1_30' title="bbox 499 2935 1479 3013; baseline 0.003 -29"><span class='ocrx_word' id='word_1_170' title='bbox 499 2961 524 2984; x_wconf 71' lang='grc' dir='ltr'>ι</span> <span class='ocrx_word' id='word_1_171' title='bbox 547 2937 794 3008; x_wconf 84' lang='lat' dir='ltr'><strong>quisquis</strong></span> <span class='ocrx_word' id='word_1_172' title='bbox 814 2936 905 2988; x_wconf 89' lang='lat' dir='ltr'><strong>ille</strong></span> <span class='ocrx_word' id='word_1_173' title='bbox 927 2938 1056 3000; x_wconf 87' lang='lat' dir='ltr'><strong>fuit,</strong></span> <span class='ocrx_word' id='word_1_174' title='bbox 1079 2935 1147 3013; x_wconf 76' lang='lat' dir='ltr'><strong>de</strong></span> <span class='ocrx_word' id='word_1_175' title='bbox 1166 2936 1377 3007; x_wconf 82' lang='lat' dir='ltr'><strong>tragicis</strong></span> <span class='ocrx_word' id='word_1_176' title='bbox 1397 2953 1479 2987; x_wconf 85' lang='lat' dir='ltr'><strong>ar·</strong></span> 
     </span>
     <span class='ocr_line' id='line_1_31' title="bbox 500 3015 1477 3089; baseline 0.001 -24"><span class='ocrx_word' id='word_1_177' title='bbox 500 3042 524 3065; x_wconf 68' lang='grc' dir='ltr'><strong>α</strong></span> <span class='ocrx_word' id='word_1_178' title='bbox 545 3018 816 3089; x_wconf 85' lang='lat' dir='ltr'><strong>gumentis</strong></span> <span class='ocrx_word' id='word_1_179' title='bbox 857 3018 1253 3087; x_wconf 85' lang='lat' dir='ltr'><strong>interpretatur</strong></span> <span class='ocrx_word' id='word_1_180' title='bbox 1270 3053 1287 3080; x_wconf 89' lang='lat'><strong>,</strong></span> <span class='ocrx_word' id='word_1_181' title='bbox 1318 3034 1387 3067; x_wconf 83' lang='lat' dir='ltr'><strong>ex</strong></span> <span class='ocrx_word' id='word_1_182' title='bbox 1412 3015 1477 3067; x_wconf 89' lang='lat' dir='ltr'><strong>iis</strong></span> 
     </span>
     <span class='ocr_line' id='line_1_32' title="bbox 498 3095 1476 3170; baseline -0.003 -20"><span class='ocrx_word' id='word_1_183' title='bbox 498 3124 521 3144; x_wconf 77' lang='grc' dir='ltr'><strong>ιι</strong></span> <span class='ocrx_word' id='word_1_184' title='bbox 545 3118 666 3170; x_wconf 81' lang='lat' dir='ltr'><strong>quae</strong></span> <span class='ocrx_word' id='word_1_185' title='bbox 699 3095 1058 3169; x_wconf 82' lang='lat' dir='ltr'><strong>praecedunt3</strong></span> <span class='ocrx_word' id='word_1_186' title='bbox 1085 3114 1296 3169; x_wconf 86' lang='lat' dir='ltr'><strong>semper</strong></span> <span class='ocrx_word' id='word_1_187' title='bbox 1329 3096 1476 3148; x_wconf 88' lang='lat' dir='ltr'><strong>enim</strong></span> 
     </span>
     <span class='ocr_line' id='line_1_33' title="bbox 499 3175 1477 3251; baseline 0.001 -23"><span class='ocrx_word' id='word_1_188' title='bbox 499 3201 522 3223; x_wconf 76' lang='grc' dir='ltr'>ι</span> <span class='ocrx_word' id='word_1_189' title='bbox 544 3178 602 3231; x_wconf 90' lang='lat' dir='ltr'><strong>in</strong></span> <span class='ocrx_word' id='word_1_190' title='bbox 639 3176 908 3247; x_wconf 82' lang='lat' dir='ltr'><strong>tragoediis</strong></span> <span class='ocrx_word' id='word_1_191' title='bbox 947 3194 1097 3251; x_wconf 84' lang='lat' dir='ltr'><strong>reges</strong></span> <span class='ocrx_word' id='word_1_192' title='bbox 1121 3178 1340 3243; x_wconf 80' lang='lat' dir='ltr'><strong>pullati,</strong></span> <span class='ocrx_word' id='word_1_193' title='bbox 1368 3175 1477 3229; x_wconf 91' lang='lat' dir='ltr'><strong>hoc</strong></span> 
     </span>
     <span class='ocr_line' id='line_1_34' title="bbox 497 3256 1478 3328; baseline -0.001 -19"><span class='ocrx_word' id='word_1_194' title='bbox 497 3282 521 3302; x_wconf 72' lang='grc' dir='ltr'><strong>α</strong></span> <span class='ocrx_word' id='word_1_195' title='bbox 544 3269 624 3309; x_wconf 89' lang='lat' dir='ltr'><strong>est</strong></span> <span class='ocrx_word' id='word_1_196' title='bbox 644 3295 661 3323; x_wconf 93' lang='lat'>‚</span> <span class='ocrx_word' id='word_1_197' title='bbox 689 3256 864 3309; x_wconf 85' lang='lat' dir='ltr'><strong>moesti</strong></span> <span class='ocrx_word' id='word_1_198' title='bbox 884 3294 901 3322; x_wconf 88' lang='lat'>‚</span> <span class='ocrx_word' id='word_1_199' title='bbox 941 3269 996 3309; x_wconf 86' lang='lat' dir='ltr'><strong>et</strong></span> <span class='ocrx_word' id='word_1_200' title='bbox 1043 3256 1225 3328; x_wconf 80' lang='lat' dir='ltr'><strong>aliquo</strong></span> <span class='ocrx_word' id='word_1_201' title='bbox 1269 3256 1478 3327; x_wconf 86' lang='lat' dir='ltr'><strong>ingenti</strong></span> 
     </span>
     <span class='ocr_line' id='line_1_35' title="bbox 498 3336 1476 3391; baseline 0.001 -3"><span class='ocrx_word' id='word_1_202' title='bbox 498 3362 522 3384; x_wconf 72' lang='grc' dir='ltr'><strong>α</strong></span> <span class='ocrx_word' id='word_1_203' title='bbox 545 3356 672 3391; x_wconf 81' lang='lat' dir='ltr'><strong>casu</strong></span> <span class='ocrx_word' id='word_1_204' title='bbox 702 3338 876 3391; x_wconf 83' lang='lat' dir='ltr'><strong>tristes</strong></span> <span class='ocrx_word' id='word_1_205' title='bbox 903 3336 1264 3391; x_wconf 87' lang='lat' dir='ltr'><strong>inducuntur.</strong></span> <span class='ocrx_word' id='word_1_206' title='bbox 1292 3340 1358 3389; x_wconf 88' lang='lat' dir='ltr'><strong>In</strong></span> <span class='ocrx_word' id='word_1_207' title='bbox 1383 3357 1476 3389; x_wconf 83' lang='lat' dir='ltr'><strong>ve·</strong></span> 
     </span>
     <span class='ocr_line' id='line_1_36' title="bbox 497 3419 1480 3490; baseline -0.001 -20"><span class='ocrx_word' id='word_1_208' title='bbox 497 3444 523 3466; x_wconf 73' lang='grc' dir='ltr'>ι</span> <span class='ocrx_word' id='word_1_209' title='bbox 543 3421 644 3473; x_wconf 86' lang='lat' dir='ltr'><strong>teri</strong></span> <span class='ocrx_word' id='word_1_210' title='bbox 663 3420 939 3490; x_wconf 83' lang='lat' dir='ltr'><strong>Bongarsii</strong></span> <span class='ocrx_word' id='word_1_211' title='bbox 961 3419 1148 3473; x_wconf 86' lang='lat' dir='ltr'><strong>codice</strong></span> <span class='ocrx_word' id='word_1_212' title='bbox 1167 3420 1480 3490; x_wconf 82' lang='lat' dir='ltr'><strong>expositum</strong></span> 
     </span>
     <span class='ocr_line' id='line_1_37' title="bbox 491 3492 1473 3567; baseline -0.006 -16"><span class='ocrx_word' id='word_1_213' title='bbox 491 3492 853 3552; x_wconf 62' lang='lat' dir='ltr'><strong>«invenimus</strong></span> <span class='ocrx_word' id='word_1_214' title='bbox 887 3537 905 3565; x_wconf 86' lang='lat'>‚</span> <span class='ocrx_word' id='word_1_215' title='bbox 952 3502 1104 3567; x_wconf 82' lang='lat' dir='ltr'><strong>nigris</strong></span> <span class='ocrx_word' id='word_1_216' title='bbox 1147 3502 1425 3550; x_wconf 77' lang='lat' dir='ltr'><strong>mendaciis.</strong></span> <span class='ocrx_word' id='word_1_217' title='bbox 1450 3522 1473 3544; x_wconf 66' lang='lat' dir='ltr'>n</span> 
     </span>
     <span class='ocr_line' id='line_1_38' title="bbox 492 3578 1478 3651; baseline -0.004 -20"><span class='ocrx_word' id='word_1_218' title='bbox 492 3580 578 3631; x_wconf 90' lang='lat' dir='ltr'><strong>Ita</strong></span> <span class='ocrx_word' id='word_1_219' title='bbox 598 3580 714 3633; x_wconf 87' lang='lat' dir='ltr'><strong>Cas.</strong></span> <span class='ocrx_word' id='word_1_220' title='bbox 731 3581 856 3651; x_wconf 90' lang='lat' dir='ltr'><strong>Ipse</strong></span> <span class='ocrx_word' id='word_1_221' title='bbox 873 3592 1047 3632; x_wconf 88' lang='lat' dir='ltr'><strong>tamen</strong></span> <span class='ocrx_word' id='word_1_222' title='bbox 1064 3618 1080 3644; x_wconf 89' lang='lat'>‚</span> <span class='ocrx_word' id='word_1_223' title='bbox 1101 3591 1154 3632; x_wconf 88' lang='lat' dir='ltr'><strong>et</strong></span> <span class='ocrx_word' id='word_1_224' title='bbox 1175 3578 1265 3631; x_wconf 88' lang='lat' dir='ltr'><strong>alii</strong></span> <span class='ocrx_word' id='word_1_225' title='bbox 1287 3578 1478 3649; x_wconf 85' lang='lat' dir='ltr'><strong>legunt</strong></span> 
     </span>
     <span class='ocr_line' id='line_1_39' title="bbox 496 3660 1477 3726; baseline -0.005 -13"><span class='ocrx_word' id='word_1_226' title='bbox 496 3665 692 3713; x_wconf 78' lang='lat' dir='ltr'><strong>bullatis</strong></span> <span class='ocrx_word' id='word_1_227' title='bbox 705 3700 722 3722; x_wconf 90' lang='lat'>‚</span> <span class='ocrx_word' id='word_1_228' title='bbox 743 3662 850 3713; x_wconf 89' lang='lat' dir='ltr'><strong>hoc</strong></span> <span class='ocrx_word' id='word_1_229' title='bbox 871 3673 948 3713; x_wconf 86' lang='lat' dir='ltr'><strong>est</strong></span> <span class='ocrx_word' id='word_1_230' title='bbox 963 3699 980 3726; x_wconf 84' lang='lat'>,</span> <span class='ocrx_word' id='word_1_231' title='bbox 1001 3660 1254 3713; x_wconf 79' lang='lat' dir='ltr'><strong>inanibus</strong></span> <span class='ocrx_word' id='word_1_232' title='bbox 1270 3697 1286 3723; x_wconf 87' lang='lat'>,</span> <span class='ocrx_word' id='word_1_233' title='bbox 1307 3661 1477 3709; x_wconf 89' lang='lat' dir='ltr'><strong>instar</strong></span> 
     </span>
     <span class='ocr_line' id='line_1_40' title="bbox 491 3738 1475 3811; baseline -0.004 -16"><span class='ocrx_word' id='word_1_234' title='bbox 491 3742 656 3795; x_wconf 80' lang='lat' dir='ltr'><strong>hullae</strong></span> <span class='ocrx_word' id='word_1_235' title='bbox 683 3741 881 3794; x_wconf 83' lang='lat' dir='ltr'><strong>inflatis</strong></span> <span class='ocrx_word' id='word_1_236' title='bbox 899 3778 916 3805; x_wconf 89' lang='lat'>‚</span> <span class='ocrx_word' id='word_1_237' title='bbox 940 3759 1066 3795; x_wconf 84' lang='lat' dir='ltr'><strong>nam</strong></span> <span class='ocrx_word' id='word_1_238' title='bbox 1096 3744 1231 3791; x_wconf 80' lang='lat' dir='ltr'><strong>bulla</strong></span> <span class='ocrx_word' id='word_1_239' title='bbox 1255 3738 1475 3811; x_wconf 82' lang='lat' dir='ltr'><strong>symbo-</strong></span> 
     </span>
    </p>
   </div>
   <div class='ocr_carea' id='block_1_9' title="bbox 561 3902 2645 3984">
    <p class='ocr_par' dir='ltr' id='par_1_10' title="bbox 561 3902 2645 3984">
     <span class='ocr_line' id='line_1_41' title="bbox 561 3902 2645 3984; baseline -0.004 -24"><span class='ocrx_word' id='word_1_240' title='bbox 561 3916 626 3959; x_wconf 60' lang='grc' dir='ltr'><strong>Ὺ.</strong></span> <span class='ocrx_word' id='word_1_241' title='bbox 656 3928 733 3975; x_wconf 86' lang='lat'><strong>19.</strong></span> <span class='ocrx_word' id='word_1_242' title='bbox 757 3910 978 3960; x_wconf 80' lang='lat' dir='ltr'><strong>Pullatis.</strong></span> <span class='ocrx_word' id='word_1_243' title='bbox 998 3910 1159 3960; x_wconf 89' lang='lat' dir='ltr'><strong>Codd.</strong></span> <span class='ocrx_word' id='word_1_244' title='bbox 1180 3909 1453 3984; x_wconf 54' lang='lat' dir='ltr'><strong>[thuaneus</strong></span> <span class='ocrx_word' id='word_1_245' title='bbox 1470 3944 1485 3967; x_wconf 92' lang='lat'>‚</span> <span class='ocrx_word' id='word_1_246' title='bbox 1512 3909 1832 3957; x_wconf 74' lang='lat' dir='ltr'><strong>Mani-incus</strong></span> <span class='ocrx_word' id='word_1_247' title='bbox 1856 3917 1907 3955; x_wconf 87' lang='lat' dir='ltr'><strong>et</strong></span> <span class='ocrx_word' id='word_1_248' title='bbox 1923 3904 2309 3964; x_wconf 63' lang='lat' dir='ltr'><strong>Mustellinum,</strong></span> <span class='ocrx_word' id='word_1_249' title='bbox 2332 3902 2555 3953; x_wconf 71' lang='lat' dir='ltr'><strong>bullatis.</strong></span> <span class='ocrx_word' id='word_1_250' title='bbox 2620 3928 2645 3973; x_wconf 49' lang='grc' dir='ltr'>χ</span> 
     </span>
    </p>
   </div>
   <div class='ocr_carea' id='block_1_10' title="bbox 1558 1251 2553 2042">
    <p class='ocr_par' dir='ltr' id='par_1_11' title="bbox 1558 1251 2551 1485">
     <span class='ocr_line' id='line_1_42' title="bbox 1558 1251 2551 1306; baseline 0.004 -4"><span class='ocrx_word' id='word_1_251' title='bbox 1558 1251 1675 1304; x_wconf 88' lang='lat' dir='ltr'><strong>lum</strong></span> <span class='ocrx_word' id='word_1_252' title='bbox 1720 1264 1797 1306; x_wconf 88' lang='lat' dir='ltr'><strong>est</strong></span> <span class='ocrx_word' id='word_1_253' title='bbox 1834 1252 2099 1306; x_wconf 78' lang='lat' dir='ltr'><strong>vanitatis.</strong></span> <span class='ocrx_word' id='word_1_254' title='bbox 2136 1255 2315 1306; x_wconf 84' lang='lat' dir='ltr'><strong>Varro</strong></span> <span class='ocrx_word' id='word_1_255' title='bbox 2340 1275 2355 1305; x_wconf 76' lang='grc' dir='ltr'><em>τ</em></span> <span class='ocrx_word' id='word_1_256' title='bbox 2392 1255 2551 1306; x_wconf 82' lang='lat' dir='ltr'><strong>homo</strong></span> 
     </span>
     <span class='ocr_line' id='line_1_43' title="bbox 1562 1334 2549 1406; baseline 0.008 -24"><span class='ocrx_word' id='word_1_257' title='bbox 1562 1337 1725 1392; x_wconf 82' lang='lat' dir='ltr'><strong>bulla,</strong></span> <span class='ocrx_word' id='word_1_258' title='bbox 1756 1335 2004 1405; x_wconf 75' lang='grc' dir='ltr'>ἄνθρωπος</span> <span class='ocrx_word' id='word_1_259' title='bbox 2032 1335 2284 1406; x_wconf 77' lang='grc' dir='ltr'>πομφόλυξ</span> <span class='ocrx_word' id='word_1_260' title='bbox 2300 1372 2317 1400; x_wconf 87' lang='grc'><em>,</em></span> <span class='ocrx_word' id='word_1_261' title='bbox 2342 1334 2401 1388; x_wconf 87' lang='lat' dir='ltr'><strong>id</strong></span> <span class='ocrx_word' id='word_1_262' title='bbox 2422 1350 2511 1390; x_wconf 82' lang='lat' dir='ltr'><strong>est</strong></span> <span class='ocrx_word' id='word_1_263' title='bbox 2526 1373 2549 1398; x_wconf 85' lang='lat'>‚</span> 
     </span>
     <span class='ocr_line' id='line_1_44' title="bbox 1560 1417 1852 1485; baseline 0 -19"><span class='ocrx_word' id='word_1_264' title='bbox 1560 1417 1852 1485; x_wconf 77' lang='grc' dir='ltr'><strong>ματαιότης.</strong></span> 
     </span>
    </p>

    <p class='ocr_par' dir='ltr' id='par_1_12' title="bbox 1560 1495 2553 1948">
     <span class='ocr_line' id='line_1_45' title="bbox 1633 1495 2553 1564; baseline 0 -20"><span class='ocrx_word' id='word_1_265' title='bbox 1633 1511 1719 1544; x_wconf 79' lang='lat'><strong>20.</strong></span> <span class='ocrx_word' id='word_1_266' title='bbox 1758 1499 1893 1544; x_wconf 75' lang='lat' dir='ltr'><strong>Dare</strong></span> <span class='ocrx_word' id='word_1_267' title='bbox 1920 1497 2116 1561; x_wconf 78' lang='lat' dir='ltr'><strong>pondus</strong></span> <span class='ocrx_word' id='word_1_268' title='bbox 2157 1495 2333 1544; x_wconf 75' lang='lat' dir='ltr'><strong>idonea</strong></span> <span class='ocrx_word' id='word_1_269' title='bbox 2348 1495 2553 1564; x_wconf 56' lang='lat' dir='ltr'><strong>squam]</strong></span> 
     </span>
     <span class='ocr_line' id='line_1_46' title="bbox 1560 1572 2549 1646; baseline 0 -22"><span class='ocrx_word' id='word_1_270' title='bbox 1560 1572 1685 1624; x_wconf 87' lang='lat' dir='ltr'><strong>Scil.</strong></span> <span class='ocrx_word' id='word_1_271' title='bbox 1708 1573 1902 1644; x_wconf 81' lang='lat' dir='ltr'><strong>pagina</strong></span> <span class='ocrx_word' id='word_1_272' title='bbox 1922 1592 2041 1646; x_wconf 80' lang='lat' dir='ltr'><strong>quae</strong></span> <span class='ocrx_word' id='word_1_273' title='bbox 2062 1592 2147 1625; x_wconf 84' lang='lat' dir='ltr'><strong>res</strong></span> <span class='ocrx_word' id='word_1_274' title='bbox 2164 1572 2309 1626; x_wconf 79' lang='lat' dir='ltr'><strong>leves</strong></span> <span class='ocrx_word' id='word_1_275' title='bbox 2328 1573 2549 1625; x_wconf 58' lang='lat' dir='ltr'><strong>inanes·</strong></span> 
     </span>
     <span class='ocr_line' id='line_1_47' title="bbox 1561 1652 2551 1725; baseline 0 -20"><span class='ocrx_word' id='word_1_276' title='bbox 1561 1672 1669 1724; x_wconf 85' lang='lat' dir='ltr'><strong>que</strong></span> <span class='ocrx_word' id='word_1_277' title='bbox 1686 1654 1911 1719; x_wconf 86' lang='lat' dir='ltr'><strong>referat,</strong></span> <span class='ocrx_word' id='word_1_278' title='bbox 1934 1672 2163 1725; x_wconf 86' lang='lat' dir='ltr'><strong>quarum</strong></span> <span class='ocrx_word' id='word_1_279' title='bbox 2183 1652 2404 1724; x_wconf 85' lang='lat' dir='ltr'><strong>pondus</strong></span> <span class='ocrx_word' id='word_1_280' title='bbox 2424 1672 2551 1705; x_wconf 79' lang='lat' dir='ltr'><strong>non</strong></span> 
     </span>
     <span class='ocr_line' id='line_1_48' title="bbox 1560 1731 2546 1804; baseline 0.001 -20"><span class='ocrx_word' id='word_1_281' title='bbox 1560 1733 1629 1786; x_wconf 90' lang='lat' dir='ltr'><strong>sit</strong></span> <span class='ocrx_word' id='word_1_282' title='bbox 1678 1736 1851 1804; x_wconf 85' lang='lat' dir='ltr'><strong>majus</strong></span> <span class='ocrx_word' id='word_1_283' title='bbox 1899 1739 2063 1804; x_wconf 76' lang='lat' dir='ltr'><strong>quam</strong></span> <span class='ocrx_word' id='word_1_284' title='bbox 2114 1733 2253 1785; x_wconf 80' lang='lat' dir='ltr'><strong>fumi</strong></span> <span class='ocrx_word' id='word_1_285' title='bbox 2294 1731 2546 1804; x_wconf 86' lang='lat' dir='ltr'><strong>pondus.</strong></span> 
     </span>
     <span class='ocr_line' id='line_1_49' title="bbox 1561 1813 2553 1883; baseline 0.002 -18"><span class='ocrx_word' id='word_1_286' title='bbox 1561 1813 1738 1867; x_wconf 83' lang='lat' dir='ltr'><strong>Graeci</strong></span> <span class='ocrx_word' id='word_1_287' title='bbox 1758 1813 2048 1883; x_wconf 78' lang='lat' dir='ltr'><strong>Latinique</strong></span> <span class='ocrx_word' id='word_1_288' title='bbox 2071 1813 2207 1866; x_wconf 83' lang='lat' dir='ltr'><strong>levia</strong></span> <span class='ocrx_word' id='word_1_289' title='bbox 2214 1815 2423 1880; x_wconf 80' lang='lat' dir='ltr'><strong>fumum</strong></span> <span class='ocrx_word' id='word_1_290' title='bbox 2443 1831 2553 1866; x_wconf 84' lang='lat' dir='ltr'><strong>vo-</strong></span> 
     </span>
     <span class='ocr_line' id='line_1_50' title="bbox 1562 1892 2549 1948; baseline 0.002 -2"><span class='ocrx_word' id='word_1_291' title='bbox 1562 1906 1702 1946; x_wconf 88' lang='lat' dir='ltr'><strong>cant.</strong></span> <span class='ocrx_word' id='word_1_292' title='bbox 1734 1893 1965 1945; x_wconf 90' lang='lat' dir='ltr'><strong>Locutio</strong></span> <span class='ocrx_word' id='word_1_293' title='bbox 1992 1907 2071 1945; x_wconf 86' lang='lat' dir='ltr'><strong>est</strong></span> <span class='ocrx_word' id='word_1_294' title='bbox 2096 1894 2164 1946; x_wconf 85' lang='lat' dir='ltr'><strong>ab</strong></span> <span class='ocrx_word' id='word_1_295' title='bbox 2192 1892 2439 1946; x_wconf 85' lang='lat' dir='ltr'><strong>Horatio.</strong></span> <span class='ocrx_word' id='word_1_296' title='bbox 2474 1893 2549 1948; x_wconf 87' lang='lat' dir='ltr'><strong>C.</strong></span> 
     </span>
    </p>

    <p class='ocr_par' dir='ltr' id='par_1_13' title="bbox 1634 1972 2548 2042">
     <span class='ocr_line' id='line_1_51' title="bbox 1634 1972 2548 2042; baseline 0.001 -17"><span class='ocrx_word' id='word_1_297' title='bbox 1634 1993 1661 2026; x_wconf 77' lang='lat' dir='ltr'><strong>a</strong></span> <span class='ocrx_word' id='word_1_298' title='bbox 1674 1992 1716 2024; x_wconf 84' lang='lat'><strong>1.</strong></span> <span class='ocrx_word' id='word_1_299' title='bbox 1736 1976 1916 2024; x_wconf 76' lang='lat' dir='ltr'><strong>Secrett&#39;</strong></span> <span class='ocrx_word' id='word_1_300' title='bbox 1931 1976 2217 2042; x_wconf 61' lang='lat' dir='ltr'><strong>loquimur]</strong></span> <span class='ocrx_word' id='word_1_301' title='bbox 2237 1972 2458 2025; x_wconf 86' lang='lat' dir='ltr'><strong>Sincere</strong></span> <span class='ocrx_word' id='word_1_302' title='bbox 2484 1987 2548 2026; x_wconf 85' lang='lat' dir='ltr'><strong>et</strong></span> 
     </span>
    </p>
   </div>
   <div class='ocr_carea' id='block_1_11' title="bbox 1531 2052 2549 2130">
    <p class='ocr_par' dir='ltr' id='par_1_14' title="bbox 1531 2052 2549 2130">
     <span class='ocr_line' id='line_1_52' title="bbox 1531 2052 2549 2130; baseline 0.002 -26"><span class='ocrx_word' id='word_1_303' title='bbox 1531 2125 1537 2130; x_wconf 35' lang='grc'><em>.</em></span> <span class='ocrx_word' id='word_1_304' title='bbox 1558 2066 1747 2104; x_wconf 88' lang='lat' dir='ltr'><strong>contra</strong></span> <span class='ocrx_word' id='word_1_305' title='bbox 1770 2053 1967 2104; x_wconf 75' lang='lat' dir='ltr'><strong>fastum</strong></span> <span class='ocrx_word' id='word_1_306' title='bbox 1984 2090 2002 2117; x_wconf 85' lang='lat'>‚</span> <span class='ocrx_word' id='word_1_307' title='bbox 2026 2052 2127 2104; x_wconf 84' lang='lat' dir='ltr'><strong>tibi</strong></span> <span class='ocrx_word' id='word_1_308' title='bbox 2148 2071 2247 2124; x_wconf 82' lang='lat' dir='ltr'><strong>ego</strong></span> <span class='ocrx_word' id='word_1_309' title='bbox 2271 2053 2371 2104; x_wconf 91' lang='lat' dir='ltr'><strong>soli</strong></span> <span class='ocrx_word' id='word_1_310' title='bbox 2391 2053 2549 2106; x_wconf 84' lang='lat' dir='ltr'><strong>solus</strong></span> 
     </span>
    </p>
   </div>
   <div class='ocr_carea' id='block_1_12' title="bbox 1554 2133 2552 2526">
    <p class='ocr_par' dir='ltr' id='par_1_15' title="bbox 1554 2133 2551 2347">
     <span class='ocr_line' id='line_1_53' title="bbox 1554 2133 2551 2205; baseline 0 -19"><span class='ocrx_word' id='word_1_311' title='bbox 1554 2135 1755 2205; x_wconf 89' lang='lat' dir='ltr'><strong>loquor</strong></span> <span class='ocrx_word' id='word_1_312' title='bbox 1769 2173 1786 2198; x_wconf 93' lang='lat'><strong>‚</strong></span> <span class='ocrx_word' id='word_1_313' title='bbox 1809 2133 2005 2204; x_wconf 86' lang='lat' dir='ltr'><strong>hisque</strong></span> <span class='ocrx_word' id='word_1_314' title='bbox 2025 2133 2271 2186; x_wconf 81' lang='lat' dir='ltr'><strong>versibus</strong></span> <span class='ocrx_word' id='word_1_315' title='bbox 2294 2152 2407 2186; x_wconf 90' lang='lat' dir='ltr'><strong>non</strong></span> <span class='ocrx_word' id='word_1_316' title='bbox 2432 2153 2551 2205; x_wconf 86' lang='lat' dir='ltr'><strong>pu·-</strong></span> 
     </span>
     <span class='ocr_line' id='line_1_54' title="bbox 1556 2213 2551 2286; baseline 0 -20"><span class='ocrx_word' id='word_1_317' title='bbox 1556 2215 1697 2266; x_wconf 84' lang='lat' dir='ltr'><strong>blice</strong></span> <span class='ocrx_word' id='word_1_318' title='bbox 1714 2213 2005 2266; x_wconf 84' lang='lat' dir='ltr'><strong>recitandis</strong></span> <span class='ocrx_word' id='word_1_319' title='bbox 2024 2213 2125 2266; x_wconf 86' lang='lat' dir='ltr'><strong>tibi</strong></span> <span class='ocrx_word' id='word_1_320' title='bbox 2146 2214 2411 2286; x_wconf 83' lang='lat' dir='ltr'><strong>consigno</strong></span> <span class='ocrx_word' id='word_1_321' title='bbox 2424 2213 2551 2266; x_wconf 87' lang='lat' dir='ltr'><strong>ani-</strong></span> 
     </span>
     <span class='ocr_line' id='line_1_55' title="bbox 1557 2292 2077 2347; baseline -0.004 0"><span class='ocrx_word' id='word_1_322' title='bbox 1557 2294 1633 2347; x_wconf 89' lang='lat' dir='ltr'><strong>mi</strong></span> <span class='ocrx_word' id='word_1_323' title='bbox 1654 2294 1762 2347; x_wconf 85' lang='lat' dir='ltr'><strong>mei</strong></span> <span class='ocrx_word' id='word_1_324' title='bbox 1782 2313 1989 2347; x_wconf 85' lang='lat' dir='ltr'><strong>sensus.</strong></span> <span class='ocrx_word' id='word_1_325' title='bbox 2013 2292 2077 2345; x_wconf 88' lang='lat' dir='ltr'><strong>P.</strong></span> 
     </span>
    </p>

    <p class='ocr_par' dir='ltr' id='par_1_16' title="bbox 1556 2364 2552 2526">
     <span class='ocr_line' id='line_1_56' title="bbox 1632 2364 2551 2443; baseline -0.002 -16"><span class='ocrx_word' id='word_1_326' title='bbox 1632 2378 2031 2427; x_wconf 45' lang='lat' dir='ltr'><strong>annuenda</strong></span> <span class='ocrx_word' id='word_1_327' title='bbox 2043 2364 2551 2443; x_wconf 60' lang='lat' dir='ltr'><strong>damuspriecordm]</strong></span> 
     </span>
     <span class='ocr_line' id='line_1_57' title="bbox 1556 2453 2552 2526; baseline 0.002 -21"><span class='ocrx_word' id='word_1_328' title='bbox 1556 2454 1817 2526; x_wconf 88' lang='lat' dir='ltr'><strong>Adeoque</strong></span> <span class='ocrx_word' id='word_1_329' title='bbox 1844 2454 2065 2506; x_wconf 86' lang='lat' dir='ltr'><strong>intimos</strong></span> <span class='ocrx_word' id='word_1_330' title='bbox 2098 2453 2278 2506; x_wconf 86' lang='lat' dir='ltr'><strong>cordis</strong></span> <span class='ocrx_word' id='word_1_331' title='bbox 2304 2472 2552 2507; x_wconf 82' lang='lat' dir='ltr'><strong>recessus</strong></span> 
     </span>
    </p>
   </div>
   <div class='ocr_carea' id='block_1_13' title="bbox 1556 2536 2586 2606">
    <p class='ocr_par' dir='ltr' id='par_1_17' title="bbox 1556 2536 2586 2606">
     <span class='ocr_line' id='line_1_58' title="bbox 1556 2536 2586 2606; baseline -0.002 -19"><span class='ocrx_word' id='word_1_332' title='bbox 1556 2536 1757 2606; x_wconf 83' lang='lat' dir='ltr'><strong>aperio.</strong></span> <span class='ocrx_word' id='word_1_333' title='bbox 1784 2564 1854 2573; x_wconf 89' lang='lat'><strong>—</strong></span> <span class='ocrx_word' id='word_1_334' title='bbox 1884 2538 2182 2601; x_wconf 80' lang='lat' dir='ltr'><strong>Quantaque</strong></span> <span class='ocrx_word' id='word_1_335' title='bbox 2214 2549 2392 2585; x_wconf 79' lang='lat' dir='ltr'><strong>noseroe</strong></span> <span class='ocrx_word' id='word_1_336' title='bbox 2418 2555 2586 2603; x_wconf 80' lang='lat' dir='ltr'><strong>pars·</strong></span> 
     </span>
    </p>
   </div>
   <div class='ocr_carea' id='block_1_14' title="bbox 1556 2615 2555 3309">
    <p class='ocr_par' dir='ltr' id='par_1_18' title="bbox 1558 2615 2555 3143">
     <span class='ocr_line' id='line_1_59' title="bbox 1558 2615 2555 2686; baseline 0.002 -20"><span class='ocrx_word' id='word_1_337' title='bbox 1558 2630 1645 2666; x_wconf 82' lang='lat' dir='ltr'><strong>tua</strong></span> <span class='ocrx_word' id='word_1_338' title='bbox 1682 2618 1777 2678; x_wconf 80' lang='lat' dir='ltr'><strong>sit,</strong></span> <span class='ocrx_word' id='word_1_339' title='bbox 1814 2630 1901 2665; x_wconf 83' lang='lat' dir='ltr'><strong>etc.</strong></span> <span class='ocrx_word' id='word_1_340' title='bbox 1953 2639 1974 2661; x_wconf 75' lang='grc' dir='ltr'>ι</span> <span class='ocrx_word' id='word_1_341' title='bbox 2004 2615 2283 2667; x_wconf 78' lang='lat' dir='ltr'><strong>Sententia</strong></span> <span class='ocrx_word' id='word_1_342' title='bbox 2306 2651 2323 2678; x_wconf 87' lang='lat'>,</span> <span class='ocrx_word' id='word_1_343' title='bbox 2358 2615 2555 2686; x_wconf 81' lang='lat' dir='ltr'><strong>inquit</strong></span> 
     </span>
     <span class='ocr_line' id='line_1_60' title="bbox 1562 2694 2549 2766; baseline 0.001 -18"><span class='ocrx_word' id='word_1_344' title='bbox 1562 2721 1584 2742; x_wconf 72' lang='grc' dir='ltr'>ι</span> <span class='ocrx_word' id='word_1_345' title='bbox 1607 2709 1718 2748; x_wconf 83' lang='lat' dir='ltr'><strong>vet.</strong></span> <span class='ocrx_word' id='word_1_346' title='bbox 1748 2696 1918 2748; x_wconf 90' lang='lat' dir='ltr'><strong>schol.</strong></span> <span class='ocrx_word' id='word_1_347' title='bbox 1953 2714 1982 2746; x_wconf 91' lang='lat' dir='ltr'><strong>a</strong></span> <span class='ocrx_word' id='word_1_348' title='bbox 2015 2694 2319 2766; x_wconf 81' lang='lat' dir='ltr'><strong>Pythagora</strong></span> <span class='ocrx_word' id='word_1_349' title='bbox 2352 2706 2549 2749; x_wconf 83' lang='lat' dir='ltr'><strong>tracta.</strong></span> 
     </span>
     <span class='ocr_line' id='line_1_61' title="bbox 1563 2774 2552 2845; baseline -0.001 -17"><span class='ocrx_word' id='word_1_350' title='bbox 1563 2801 1585 2822; x_wconf 76' lang='grc' dir='ltr'>ι</span> <span class='ocrx_word' id='word_1_351' title='bbox 1607 2775 1903 2828; x_wconf 89' lang='lat' dir='ltr'><strong>Dimidiam</strong></span> <span class='ocrx_word' id='word_1_352' title='bbox 1924 2775 2062 2845; x_wconf 88' lang='lat' dir='ltr'><strong>(hoc</strong></span> <span class='ocrx_word' id='word_1_353' title='bbox 2083 2776 2232 2841; x_wconf 85' lang='lat' dir='ltr'><strong>loco,</strong></span> <span class='ocrx_word' id='word_1_354' title='bbox 2254 2774 2552 2827; x_wconf 83' lang='lat' dir='ltr'><strong>maximam</strong></span> 
     </span>
     <span class='ocr_line' id='line_1_62' title="bbox 1562 2855 2551 2924; baseline -0.003 -16"><span class='ocrx_word' id='word_1_355' title='bbox 1562 2882 1585 2902; x_wconf 72' lang='grc' dir='ltr'>ι</span> <span class='ocrx_word' id='word_1_356' title='bbox 1607 2869 1660 2908; x_wconf 90' lang='lat' dir='ltr'><strong>et</strong></span> <span class='ocrx_word' id='word_1_357' title='bbox 1679 2856 1984 2924; x_wconf 88' lang='lat' dir='ltr'><strong>meliorem)</strong></span> <span class='ocrx_word' id='word_1_358' title='bbox 2000 2855 2189 2906; x_wconf 74' lang='lat' dir='ltr'><strong>animae</strong></span> <span class='ocrx_word' id='word_1_359' title='bbox 2204 2872 2314 2907; x_wconf 83' lang='lat' dir='ltr'><strong>suae</strong></span> <span class='ocrx_word' id='word_1_360' title='bbox 2328 2866 2551 2923; x_wconf 84' lang='lat' dir='ltr'><strong>partem</strong></span> 
     </span>
     <span class='ocr_line' id='line_1_63' title="bbox 1561 2934 2549 3001; baseline -0.001 -12"><span class='ocrx_word' id='word_1_361' title='bbox 1561 2962 1583 2983; x_wconf 72' lang='grc' dir='ltr'>ι</span> <span class='ocrx_word' id='word_1_362' title='bbox 1606 2934 1740 2990; x_wconf 89' lang='lat' dir='ltr'><strong>dicit</strong></span> <span class='ocrx_word' id='word_1_363' title='bbox 1761 2937 2067 2989; x_wconf 86' lang='lat' dir='ltr'><strong>Cornutum</strong></span> <span class='ocrx_word' id='word_1_364' title='bbox 2084 2974 2099 3001; x_wconf 88' lang='lat'><strong>,</strong></span> <span class='ocrx_word' id='word_1_365' title='bbox 2124 2947 2187 2987; x_wconf 87' lang='lat' dir='ltr'><strong>ut</strong></span> <span class='ocrx_word' id='word_1_366' title='bbox 2202 2934 2393 2986; x_wconf 87' lang='lat' dir='ltr'><strong>Horat.</strong></span> <span class='ocrx_word' id='word_1_367' title='bbox 2413 2934 2549 2989; x_wconf 76' lang='lat' dir='ltr'><strong>Vir-</strong></span> 
     </span>
     <span class='ocr_line' id='line_1_64' title="bbox 1561 3013 2407 3087; baseline -0.005 -19"><span class='ocrx_word' id='word_1_368' title='bbox 1561 3015 1950 3087; x_wconf 77' lang='lat' dir='ltr'><strong>«gilium,lib.</strong></span> <span class='ocrx_word' id='word_1_369' title='bbox 1975 3016 2039 3075; x_wconf 84' lang='lat'><strong>1,</strong></span> <span class='ocrx_word' id='word_1_370' title='bbox 2062 3013 2154 3066; x_wconf 92' lang='lat' dir='ltr'><strong>od.</strong></span> <span class='ocrx_word' id='word_1_371' title='bbox 2181 3014 2407 3075; x_wconf 67' lang='lat' dir='ltr'><strong>3,v.8:</strong></span> 
     </span>
     <span class='ocr_line' id='line_1_65' title="bbox 1600 3093 2505 3143; baseline -0.001 -4"><span class='ocrx_word' id='word_1_372' title='bbox 1600 3118 1622 3139; x_wconf 72' lang='grc' dir='ltr'><strong>α</strong></span> <span class='ocrx_word' id='word_1_373' title='bbox 1642 3100 1700 3143; x_wconf 81' lang='lat' dir='ltr'><strong>Et</strong></span> <span class='ocrx_word' id='word_1_374' title='bbox 1720 3112 1871 3143; x_wconf 78' lang='lat' dir='ltr'><strong>serves</strong></span> <span class='ocrx_word' id='word_1_375' title='bbox 1889 3094 2051 3141; x_wconf 81' lang='lat' dir='ltr'><strong>animae</strong></span> <span class='ocrx_word' id='word_1_376' title='bbox 2069 3093 2315 3140; x_wconf 84' lang='lat' dir='ltr'><strong>dimidium</strong></span> <span class='ocrx_word' id='word_1_377' title='bbox 2332 3110 2461 3140; x_wconf 82' lang='lat' dir='ltr'><strong>meae.</strong></span> <span class='ocrx_word' id='word_1_378' title='bbox 2482 3114 2505 3136; x_wconf 72' lang='lat' dir='ltr'><strong>n</strong></span> 
     </span>
    </p>

    <p class='ocr_par' dir='ltr' id='par_1_19' title="bbox 1556 3171 2552 3309">
     <span class='ocr_line' id='line_1_66' title="bbox 1556 3171 2551 3248; baseline -0.003 -19"><span class='ocrx_word' id='word_1_379' title='bbox 1556 3178 1637 3229; x_wconf 83' lang='lat' dir='ltr'><strong>An</strong></span> <span class='ocrx_word' id='word_1_380' title='bbox 1646 3176 1785 3248; x_wconf 88' lang='lat' dir='ltr'><strong>tiqui</strong></span> <span class='ocrx_word' id='word_1_381' title='bbox 1797 3189 1977 3228; x_wconf 89' lang='lat' dir='ltr'><strong>autem</strong></span> <span class='ocrx_word' id='word_1_382' title='bbox 1989 3172 2241 3226; x_wconf 86' lang='lat' dir='ltr'><strong>dicebant</strong></span> <span class='ocrx_word' id='word_1_383' title='bbox 2251 3171 2551 3226; x_wconf 84' lang='lat' dir='ltr'><strong>amicitiam</strong></span> 
     </span>
     <span class='ocr_line' id='line_1_67' title="bbox 1558 3252 2552 3309; baseline -0.003 -1"><span class='ocrx_word' id='word_1_384' title='bbox 1558 3275 1670 3309; x_wconf 89' lang='lat' dir='ltr'><strong>esse</strong></span> <span class='ocrx_word' id='word_1_385' title='bbox 1684 3256 1918 3307; x_wconf 87' lang='lat' dir='ltr'><strong>animam</strong></span> <span class='ocrx_word' id='word_1_386' title='bbox 1934 3273 2099 3307; x_wconf 87' lang='lat' dir='ltr'><strong>unam</strong></span> <span class='ocrx_word' id='word_1_387' title='bbox 2110 3254 2171 3305; x_wconf 87' lang='lat' dir='ltr'><strong>in</strong></span> <span class='ocrx_word' id='word_1_388' title='bbox 2186 3252 2406 3305; x_wconf 84' lang='lat' dir='ltr'><strong>duobus</strong></span> <span class='ocrx_word' id='word_1_389' title='bbox 2426 3272 2552 3305; x_wconf 88' lang='lat' dir='ltr'><strong>cor-</strong></span> 
     </span>
    </p>
   </div>
   <div class='ocr_carea' id='block_1_15' title="bbox 1557 3322 2567 3407">
    <p class='ocr_par' dir='ltr' id='par_1_20' title="bbox 1557 3322 2567 3407">
     <span class='ocr_line' id='line_1_68' title="bbox 1557 3322 2567 3407; baseline -0.002 -20"><span class='ocrx_word' id='word_1_390' title='bbox 1557 3336 1806 3407; x_wconf 88' lang='lat' dir='ltr'><strong>poribus.</strong></span> <span class='ocrx_word' id='word_1_391' title='bbox 1844 3334 2007 3387; x_wconf 90' lang='lat' dir='ltr'><strong>Unde</strong></span> <span class='ocrx_word' id='word_1_392' title='bbox 2039 3332 2207 3385; x_wconf 83' lang='lat' dir='ltr'><strong>ovid.</strong></span> <span class='ocrx_word' id='word_1_393' title='bbox 2246 3332 2315 3386; x_wconf 87' lang='lat' dir='ltr'><strong>de</strong></span> <span class='ocrx_word' id='word_1_394' title='bbox 2348 3322 2567 3406; x_wconf 47' lang='lat' dir='ltr'><strong>Pylads</strong></span> 
     </span>
    </p>
   </div>
   <div class='ocr_carea' id='block_1_16' title="bbox 1560 3414 2099 3468">
    <p class='ocr_par' dir='ltr' id='par_1_21' title="bbox 1560 3414 2099 3468">
     <span class='ocr_line' id='line_1_69' title="bbox 1560 3414 2099 3468; baseline -0.006 0"><span class='ocrx_word' id='word_1_395' title='bbox 1560 3428 1613 3468; x_wconf 87' lang='lat' dir='ltr'><strong>et</strong></span> <span class='ocrx_word' id='word_1_396' title='bbox 1632 3416 1807 3468; x_wconf 87' lang='lat' dir='ltr'><strong>Orest.</strong></span> <span class='ocrx_word' id='word_1_397' title='bbox 1838 3414 2026 3467; x_wconf 86' lang='lat' dir='ltr'><strong>scribit</strong></span> <span class='ocrx_word' id='word_1_398' title='bbox 2050 3434 2063 3465; x_wconf 71' lang='grc' dir='ltr'><strong>ε</strong></span> <span class='ocrx_word' id='word_1_399' title='bbox 2090 3433 2099 3443; x_wconf 83' lang='lat'><strong>·</strong></span> 
     </span>
    </p>
   </div>
   <div class='ocr_carea' id='block_1_17' title="bbox 1620 3493 2555 3621">
    <p class='ocr_par' dir='ltr' id='par_1_22' title="bbox 1620 3493 2555 3621">
     <span class='ocr_line' id='line_1_70' title="bbox 1620 3493 2555 3565; baseline 0 -16"><span class='ocrx_word' id='word_1_400' title='bbox 1620 3493 1715 3561; x_wconf 80' lang='lat' dir='ltr'><strong>Qui</strong></span> <span class='ocrx_word' id='word_1_401' title='bbox 1731 3502 1826 3549; x_wconf 86' lang='lat' dir='ltr'><strong>duo</strong></span> <span class='ocrx_word' id='word_1_402' title='bbox 1845 3502 2121 3565; x_wconf 82' lang='lat' dir='ltr'><strong>corporibus</strong></span> <span class='ocrx_word' id='word_1_403' title='bbox 2138 3536 2151 3556; x_wconf 96' lang='lat'>‚</span> <span class='ocrx_word' id='word_1_404' title='bbox 2172 3502 2405 3549; x_wconf 83' lang='lat' dir='ltr'><strong>mentibus</strong></span> <span class='ocrx_word' id='word_1_405' title='bbox 2422 3516 2555 3549; x_wconf 74' lang='lat' dir='ltr'><strong>unus</strong></span> 
     </span>
     <span class='ocr_line' id='line_1_71' title="bbox 1681 3576 2466 3621; baseline -0.003 0"><span class='ocrx_word' id='word_1_406' title='bbox 1681 3586 1826 3621; x_wconf 82' lang='lat' dir='ltr'><strong>eraut.</strong></span> <span class='ocrx_word' id='word_1_407' title='bbox 2264 3576 2319 3619; x_wconf 85' lang='lat' dir='ltr'><strong>P.</strong></span> <span class='ocrx_word' id='word_1_408' title='bbox 2338 3584 2387 3619; x_wconf 80' lang='lat' dir='ltr'><strong>et</strong></span> <span class='ocrx_word' id='word_1_409' title='bbox 2405 3577 2466 3619; x_wconf 74' lang='lat' dir='ltr'><strong>A.</strong></span> 
     </span>
    </p>
   </div>
   <div class='ocr_carea' id='block_1_18' title="bbox 1556 3651 2557 3808">
    <p class='ocr_par' dir='ltr' id='par_1_23' title="bbox 1556 3651 2557 3808">
     <span class='ocr_line' id='line_1_72' title="bbox 1632 3651 2550 3723; baseline -0.003 -16"><span class='ocrx_word' id='word_1_410' title='bbox 1632 3674 1659 3707; x_wconf 77' lang='lat' dir='ltr'><strong>a</strong></span> <span class='ocrx_word' id='word_1_411' title='bbox 1668 3654 1714 3706; x_wconf 88' lang='grc'><strong>3.</strong></span> <span class='ocrx_word' id='word_1_412' title='bbox 1732 3656 1979 3723; x_wconf 64' lang='lat' dir='ltr'><strong>Cot-nuce]</strong></span> <span class='ocrx_word' id='word_1_413' title='bbox 1989 3653 2225 3705; x_wconf 75' lang='lat' dir='ltr'><strong>Annaeus</strong></span> <span class='ocrx_word' id='word_1_414' title='bbox 2240 3651 2550 3717; x_wconf 81' lang='lat' dir='ltr'><strong>Cornutus,</strong></span> 
     </span>
     <span class='ocr_line' id='line_1_73' title="bbox 1556 3732 2557 3808; baseline -0.004 -20"><span class='ocrx_word' id='word_1_415' title='bbox 1556 3736 1724 3789; x_wconf 83' lang='lat' dir='ltr'><strong>Persii</strong></span> <span class='ocrx_word' id='word_1_416' title='bbox 1738 3736 1990 3808; x_wconf 75' lang='lat' dir='ltr'><strong>magister</strong></span> <span class='ocrx_word' id='word_1_417' title='bbox 2002 3772 2020 3799; x_wconf 93' lang='lat'>‚</span> <span class='ocrx_word' id='word_1_418' title='bbox 2039 3732 2399 3807; x_wconf 63' lang='lat' dir='ltr'><strong>philosophia</strong></span> <span class='ocrx_word' id='word_1_419' title='bbox 2415 3751 2557 3803; x_wconf 84' lang='lat' dir='ltr'><strong>pro·</strong></span> 
     </span>
    </p>
   </div>
   <div class='ocr_carea' id='block_1_19' title="bbox 493 3986 2230 4060">
    <p class='ocr_par' dir='ltr' id='par_1_24' title="bbox 493 3986 2230 4060">
     <span class='ocr_line' id='line_1_74' title="bbox 493 3986 2230 4060; baseline -0.007 -16"><span class='ocrx_word' id='word_1_420' title='bbox 493 3993 616 4044; x_wconf 83' lang='lat' dir='ltr'><strong>Cod.</strong></span> <span class='ocrx_word' id='word_1_421' title='bbox 640 3993 828 4060; x_wconf 82' lang='lat' dir='ltr'><strong>absque</strong></span> <span class='ocrx_word' id='word_1_422' title='bbox 849 3992 1080 4050; x_wconf 84' lang='lat' dir='ltr'><strong>nomine,</strong></span> <span class='ocrx_word' id='word_1_423' title='bbox 1100 3986 1161 4039; x_wconf 67' lang='grc' dir='ltr'><strong>κιο</strong></span> <span class='ocrx_word' id='word_1_424' title='bbox 1188 3990 1326 4053; x_wconf 77' lang='lat'><strong>8274</strong></span> <span class='ocrx_word' id='word_1_425' title='bbox 1341 4023 1358 4051; x_wconf 88' lang='lat'>‚</span> <span class='ocrx_word' id='word_1_426' title='bbox 1369 3988 1577 4055; x_wconf 81' lang='lat' dir='ltr'><strong>pallacis</strong></span> <span class='ocrx_word' id='word_1_427' title='bbox 1591 4006 1608 4036; x_wconf 86' lang='grc'><strong>.-</strong></span> <span class='ocrx_word' id='word_1_428' title='bbox 1628 3999 1679 4037; x_wconf 87' lang='lat' dir='ltr'><strong>at</strong></span> <span class='ocrx_word' id='word_1_429' title='bbox 1702 3987 1807 4039; x_wconf 84' lang='lat' dir='ltr'><strong>vid.</strong></span> <span class='ocrx_word' id='word_1_430' title='bbox 1826 4003 1938 4053; x_wconf 78' lang='lat' dir='ltr'><strong>sup.</strong></span> <span class='ocrx_word' id='word_1_431' title='bbox 1959 3994 2230 4035; x_wconf 76' lang='lat' dir='ltr'><strong>comment.</strong></span> 
     </span>
    </p>
   </div>
  </div>
 </body>
</html>
