2775 4619
549 375 671 450 104

1048 366 1130 432 Α.
1191 364 1575 438 PERSII
1634 367 2018 446 FL‘ACCI

625 495 718 558 Ut
752 515 946 558 nemo
980 481 1051 556 in
1083 513 1219 558 sese
1253 507 1459 556 tentat
1486 490 1877 558 descendere
1903 491 1917 555 Ξ
1956 491 2203 556 Nemo!

533 706 658 745 :mus
691 699 1017 760 oportet.--
1033 688 1218 737 Ocima.
1253 684 1511 737 Ocimum

529 771 704 825 herba
725 769 998 822 odorifera
1018 769 1144 819 satis
1161 780 1289 832 nota
1307 803 1325 828 ‚
1347 783 1509 837 quam

535 851 714 906 Graeci
741 851 988 916 βασιλικὸν
1023 861 1219 902 vocant
1236 885 1253 911 ,
1283 859 1337 898 et
1367 847 1509 900 Galli

509 933 720 982 ‘basilia
749 929 884 992 Hic,
917 926 1151 998 speciem
1184 925 1371 997 posuit
1404 943 1509 996 pro

533 1029 766 1084 genere3
803 1027 1000 1080 nempe
1039 1008 1232 1060 herbas
1267 1007 1477 1059 olentes
1494 1043 1513 1070 ,

533 1093 934 1145 olera.—Bene
969 1092 1288 1140 discincta...
1321 1107 1511 1138 ver-nce.

533 1173 734 1224 Vernae
752 1170 882 1222 olim
903 1169 1046 1222 servi
1065 1168 1218 1220 domi
1237 1187 1302 1219 ex
1320 1166 1510 1218 ancilla

535 1253 686 1318 nati,
721 1264 788 1304 ut
826 1250 1066 1305 vidimus
1109 1248 1260 1320 apud
1302 1250 1506 1301 Juven.

524 1347 632 1388 «sat.
673 1333 792 1396 IX,
828 1351 927 1395 10,
955 1343 1011 1384 et
1050 1329 1260 1385 dicaces
1295 1342 1350 1382 et
1379 1347 1511 1400 pro-

537 1413 682 1467 tervi
727 1414 891 1464 etiam
937 1423 1090 1464 erant
1115 1431 1130 1460 τ
1175 1409 1362 1478 unde,
1406 1411 1511 1461 hoc

531 1493 661 1546 loco
679 1528 698 1555 ‚
719 1491 977 1540 discinctus
1013 1509 1178 1540 verna
1195 1507 1214 1537 .·
1239 1507 1366 1540 nam
1406 1485 1514 1538 dis-

535 1574 748 1627 cinctus
779 1569 1065 1622 dicebatur
1104 1569 1202 1640 qui
1237 1568 1515 1620 dissolutis

533 1653 786 1706 moribus
810 1651 1040 1704 vivebat.
1063 1648 1191 1702 Vid.
1221 1668 1374 1720 supr.
1406 1653 1517 1699 Non

529 1739 692 1804 pudet
730 1737 803 1784 ad
849 1752 1032 1784 morem
1079 1733 1303 1784 discincti
1347 1734 1514 1782 vivere

446 1815 453 1820 “
541 1829 711 1866 nance.
740 1815 805 1865 A.

613 1895 703 1946 23.
743 1899 806 1943 Ue
833 1913 974 1944 nemo
1009 1885 1060 1942 iia
1095 1912 1193 1943 sese
1223 1906 1380 1942 tentat
1407 1893 1516 1942 des-

535 1977 816 2042 cendet-el]
842 1975 938 2026 Est
951 2012 970 2038 ,
995 1974 1102 2026 hoc
1142 1973 1266 2026 loco
1283 2010 1299 2036 ,
1328 1972 1515 2042 inquit

539 2051 770 2104 Casaub.
795 2050 1056 2120 digressio
1073 2049 1320 2120 quaedam
1341 2049 1410 2101 ab
1430 2049 1515 2102 iu·

535 2132 730 2184 stituta
741 2131 1024 2184 insolentis
1037 2130 1258 2203 juvenis
1270 2131 1515 2200 increpa-

537 2212 722 2275 tione;
751 2213 908 2282 cujus
945 2209 1288 2280 digressionis
1318 2227 1517 2281 scopus

537 2291 655 2363 peti
676 2290 840 2345 debet
857 2291 924 2343 ab
953 2289 1158 2343 ultimis
1178 2291 1362 2344 verbis
1377 2291 1483 2343 illis
1498 2328 1516 2355 ‚

538 2375 609 2423 sic
625 2376 866 2433 novimus,
887 2386 973 2422 etc.
995 2372 1107 2436 Ita,
1129 2390 1194 2423 ex
1214 2372 1519 2424 casauboni

529 2453 805 2505 sententia
824 2488 840 2515 ‚
865 2452 912 2503 is
933 2450 1038 2503 erit
1061 2450 1200 2503 ordo
1221 2465 1275 2504 et
1293 2470 1513 2503 sensus:

539 2551 686 2583 nemo
709 2535 760 2581 in
784 2550 882 2582 sese
905 2544 1064 2581 tentat
1083 2534 1370 2581 descendere
1385 2552 1405 2589 ,·
1432 2534 1522 2582 sed

530 2614 841 2681 praecedenti
851 2626 1099 2678 spectatur·
1120 2614 1336 2661 mantica
1361 2626 1515 2679 tergo.

539 2691 644 2760 (Id
683 2691 968 2744 confirmat
1005 2691 1332 2762 exemplo),
1359 2692 1516 2745 verbi

537 2772 708 2843 gratia
721 2810 737 2838 ,
759 2772 803 2823 si
821 2772 1098 2843 quaesieris
1117 2791 1130 2821 :
1153 2772 1366 2825 nostine
1381 2774 1517 2824 Vec-

537 2851 642 2904 tidi
662 2851 866 2923 praedia
882 2851 907 2902 Ρ
929 2853 1122 2923 Cujus,
1142 2852 1329 2922 inquit
1349 2870 1516 2922 quem

444 2953 448 2958 ·
533 2931 874 3004 interrogas?
893 2932 1070 2995 illius,
1087 2929 1386 3002 respondes
1398 2968 1415 2997 ‚
1436 2930 1517 2984 di·

531 3011 728 3079 ,tissimi
759 3012 886 3083 qui,
907 3024 1010 3063 etc.
1042 3016 1210 3071 Hunc,
1235 3014 1334 3073 ais,
1355 3014 1515 3073 hunc,

535 3092 815 3155 exclamat,
831 3091 948 3143 Diis
960 3091 1106 3143 iratis
1119 3091 1389 3162 genitum,
1401 3093 1513 3164 qui,

537 3184 638 3223 etc.
665 3170 960 3241 (Sequitur
985 3172 1192 3241 egregia
1211 3170 1511 3244 descriptio

514 3251 678 3304 ‘avari
713 3252 950 3303 hominis
991 3265 1046 3304 et
1075 3251 1280 3305 sordidi
1317 3254 1384 3305 ab
1418 3272 1512 3305 eo-

536 3330 722 3401 dem.)
743 3373 754 3383 .
780 3371 791 3383 .
815 3372 828 3384 .
850 3370 863 3383 .
895 3337 969 3383 At
1003 3348 1084 3393 tu,
1129 3334 1329 3404 (poeta
1361 3352 1511 3387 nunc

531 3412 834 3485 loquitur.)
877 3414 921 3465 si
968 3428 1166 3467 unctus
1209 3432 1380 3467 cesses
1406 3450 1421 3475 ‚
1458 3426 1515 3466 et

531 3492 661 3565 figas
679 3494 738 3545 in
759 3508 887 3547 cute
909 3495 1076 3547 solem
1093 3533 1109 3558 ‚
1135 3493 1195 3547 id
1223 3506 1302 3547 est
1319 3532 1338 3558 ,
1359 3495 1407 3546 si
1426 3493 1516 3547 de·-

530 3575 762 3651 licatgac
781 3576 1020 3627 molliter
1033 3576 1198 3639 vivas,
1219 3575 1322 3626 erit
1337 3592 1513 3645 prope

505 3725 509 3728 -
531 3665 586 3705 te
601 3654 824 3725 ignotus
839 3693 855 3719 ‚
879 3655 976 3727 qui
995 3656 1054 3707 in
1075 3654 1366 3707 dissolutos
1386 3666 1513 3705 tuos

530 3752 708 3786 mores
729 3734 1017 3787 invehetur
1038 3734 1326 3805 (sequitur
1344 3752 1374 3784 a
1395 3751 1513 3785 ver·

529 3832 594 3866 su
618 3814 682 3867 35
709 3833 881 3887 usque
905 3814 974 3867 ad
1003 3820 1068 3879 4²
1097 3812 1366 3867 luxuriosi
1390 3812 1510 3865 des-

530 3892 729 3963 criptio
761 3913 792 3946 a
828 3899 993 3963 poeta
1007 3894 1042 3961 ).
1079 3894 1159 3945 Ex
1193 3893 1300 3945 hoc
1331 3892 1511 3945 exem·

527 3973 623 4044 plo
640 3974 808 4029 infert
820 3980 1014 4047 poeta}
1037 3977 1267 4029 caedimus
1283 3974 1356 4045 (v.
1377 3975 1443 4039 43
1456 3975 1479 4044 )
1492 4011 1511 4039 ,

1590 688 1741 750 inque
1752 686 1909 735 vicem
1910 689 2186 750 praehemus
2196 702 2349 737 crura
2359 690 2581 754 sagittis,

1588 764 1721 816 alios
1746 764 2050 834 carpimus,
2076 778 2133 817 et
2158 767 2393 820 vicissim
2414 767 2483 819 ab
2504 769 2585 820 iis

1587 845 1897 915 carpimur:
1928 847 2117 895 vivitur
2150 848 2243 897 boe
2272 862 2457 914 pacta,
2492 849 2583 900 sic

1588 939 1645 976 se
1690 923 1853 976 habet
1904 924 2147 978 mundus
2170 963 2187 990 ‚
2228 929 2360 978 aiezsi
2406 947 2483 977 va
2532 931 2587 977 le

1588 1007 1781 1054 monde.
1804 1002 1892 1055 Sic
1906 1039 1921 1064 ‚
1944 1007 1979 1054 ὁ
1999 1003 2303 1058 Alcibiades
2318 1043 2335 1070 ,
2360 1006 2449 1058 vel
2469 1025 2583 1076 po·-

1558 1100 1569 1108 ⁴
1592 1085 1731 1148 tius,
1756 1086 1791 1134 ὀ
1811 1083 1957 1134 Nero
1974 1121 1991 1148 ,
2014 1098 2061 1134 ω
2084 1087 2300 1135 novimus
2322 1088 2410 1155 (v.
2434 1085 2577 1156 43);

1585 1163 1691 1216 ‘hac
1706 1177 1822 1217 arte
1840 1164 2072 1226 scilicet,
2090 1165 2197 1217 hoc
2212 1183 2397 1218 amore
2410 1185 2587 1230 caece,

1588 1263 1705 1315 quo
1714 1245 1945 1316 quisquc
1960 1263 2056 1297 sua
2066 1245 2197 1298 vitia
2206 1247 2586 1318 amplectitur,

1588 1339 1753 1396 atque
1772 1364 1791 1389 ‚
1829 1325 1933 1377 hac
1974 1325 2178 1378 nefaria
2222 1327 2541 1381 curiositate
2562 1367 2582 1393 ,

1590 1411 1699 1478 qua
1742 1406 1977 1478 quisque
2020 1405 2252 1459 aliorum
2295 1407 2424 1460 vitia
2468 1409 2586 1460 ins-

1590 1486 1755 1556 picit,
1776 1500 1831 1540 et
1851 1486 2187 1557 malignitate
2204 1491 2311 1560 qua
2328 1489 2413 1542 vel
2433 1501 2584 1542 tecta

1594 1566 1797 1638 detegit
1812 1605 1827 1630 ‚
1866 1580 1921 1620 te
1940 1603 1959 1632 ,
2004 1587 2317 1640 quanquam
2364 1575 2583 1622 summa

1591 1647 1667 1699 sis
1681 1648 1821 1719 pelle
1836 1647 2069 1700 decorus
2080 1686 2095 1714 ,
2112 1667 2422 1720 quanquam
2438 1654 2591 1704 vana

1588 1728 1890 1786 verborum
1920 1729 2263 1782 affectatione
2293 1730 2449 1782 nobis
2474 1731 2583 1782 ho-

1594 1807 1685 1860 die
1716 1809 1903 1860 fucum
1940 1810 2115 1862 facere
2148 1822 2323 1862 tentes
2340 1849 2357 1874 ‚
2380 1823 2437 1862 te
2454 1847 2469 1871 ,
2492 1811 2585 1862 iu·

1592 1907 1757 1959 quam
1774 1925 1791 1953 ,
1805 1889 2087 1954 novimus3
2108 1892 2195 1940 ilia
2212 1893 2377 1942 subter.-
2390 1893 2585 1940 vulnus

1590 1988 1775 2019 cacum
1807 1971 1957 2020 habes
1970 2007 1985 2031 ,
2016 1985 2105 2021 etc.
2122 2007 2133 2020 .
2151 2007 2162 2018 .
2180 2008 2193 2020 .
2220 1969 2363 2022 Huic
2398 1970 2582 2040 expli-

1594 2049 1793 2102 cationi
1808 2088 1825 2114 ‚
1853 2062 2053 2102 nostro
2070 2050 2453 2121 qualicumque
2484 2053 2587 2122 ju-

1594 2128 1741 2182 dicio
1758 2168 1774 2193 ‚
1803 2142 2119 2182 contortum
2149 2129 2407 2202 quiddam
2426 2130 2585 2183 vide-

1598 2221 1705 2261 tur.
1724 2209 1851 2262 Haec
1870 2210 2171 2263 Casauboni
2188 2209 2449 2282 digressio
2468 2229 2588 2262 ser·

1598 2307 1817 2341 monem
1834 2289 2091 2361 impedit3
2115 2309 2217 2343 nec
2234 2289 2371 2343 adeo
2392 2305 2585 2343 neces-

1598 2372 1733 2424 saria
1780 2385 1861 2423 est
1906 2391 2173 2425 novarum
2215 2391 2584 2444 personarum

1596 2452 1933 2505 introductio
1954 2493 1968 2516 ,
2008 2454 2141 2523 quin
2165 2490 2180 2515 ‚
2222 2457 2282 2505 ea
2333 2454 2531 2506 omissa
2562 2491 2583 2518 ,

1598 2552 1775 2585 sermo
1816 2552 1971 2606 aeque
2010 2534 2160 2587 fluat.
2210 2537 2293 2587 Ita
2334 2548 2583 2587 nostram

1595 2633 1745 2666 nunc
1784 2614 2195 2685 explicationem
2212 2653 2226 2675 ‚
2258 2634 2377 2685 quae
2410 2615 2487 2666 sic
2524 2632 2583 2666 se

1594 2696 1773 2757 habet,
1782 2714 2158 2766 proponemus
2172 2714 2187 2745 t
2206 2708 2272 2747 ut
2282 2712 2447 2747 nemo
2462 2708 2585 2747 ten-

1596 2788 1673 2827 tat
1690 2774 1751 2825 in
1776 2793 1833 2826 se
1861 2772 2222 2827 descendere!
2246 2772 2339 2825 sed
2354 2810 2371 2835 ‚
2398 2786 2504 2827 etc.
2534 2773 2583 2825 si

1596 2854 1717 2926 quis
1736 2891 1753 2919 ,
1772 2858 1807 2906 ὁ
1838 2853 2141 2907 Alcibiades
2156 2892 2171 2916 ‚
2192 2867 2245 2905 te
2273 2854 2585 2925 interroga·-

1593 2934 1735 2987 verit
1748 2954 1763 2985 ε
1783 2936 1959 2985 'tostin'
1977 2938 2025 2980 V
2018 2933 2173 2985 cecidi
2168 2936 2365 2999 proedia
2374 2942 2402 2983 :²
2418 2938 2582 3003 cujus,

1594 3014 1776 3086 inquis
1794 3014 1818 3065 Ρ
1836 3016 2035 3075 Divitis,
2063 3014 2221 3067 istius
2238 3051 2255 3077 ‚
2276 3012 2585 3083 respondet

1592 3094 1729 3147 alter
1742 3130 1759 3156 ‚
1780 3097 1880 3161 qui‘
1895 3108 2014 3144 arat
2038 3096 2240 3147 Curibus
2253 3130 2271 3153 ,
2292 3106 2399 3145 etc.
2430 3096 2583 3161 brejas

1593 3175 1851 3227 exclamas
1871 3213 1888 3239 ‚
1916 3176 2061 3244 hujus
2094 3176 2189 3246 qui
2206 3212 2222 3240 ,
2252 3187 2353 3227 etc.
2380 3184 2437 3225 et
2471 3184 2585 3225 sta·

1592 3256 1692 3307 tim
1716 3256 1775 3307 iu
1796 3256 2023 3308 Vectidt
2050 3256 2329 3310 avaritiam
2356 3255 2583 3307 invebe-

1592 3334 1700 3387 ris:
1728 3347 1781 3387 at
1806 3348 1896 3400 tu,
1916 3337 2013 3407 qui
2040 3336 2174 3389 alios
2208 3350 2319 3389 tam
2342 3336 2581 3408 maligne

1597 3413 1859 3468 describis
1878 3454 1895 3481 ‚
1912 3418 1956 3466 si
1979 3431 2153 3466 unctus
2176 3436 2323 3467 cesses
2336 3454 2354 3476 ,
2376 3416 2421 3467 si
2446 3415 2587 3469 deli-

1596 3496 1769 3548 catule
1820 3509 1873 3549 et
1918 3497 2219 3549 luxuriose
2250 3498 2405 3549 vivas
2440 3515 2459 3561 ;
2513 3510 2586 3547 ese

1586 3595 1744 3642 prope
1770 3591 1816 3626 te
1845 3580 2036 3645 ignotus
2048 3614 2067 3636 ,
2086 3580 2249 3627 cubico
2274 3579 2366 3642 qui
2390 3590 2436 3626 te
2464 3590 2579 3627 can-

1588 3670 1709 3723 gat,
1740 3668 1795 3708 et
1824 3668 1876 3707 te
1894 3656 2100 3726 pariter
2118 3655 2340 3707 mollem
2366 3668 2423 3707 et
2438 3657 2580 3712 ‚effe-

1593 3732 1862 3789 minatum
1896 3734 2185 3789 describat.
2208 3774 2220 3785 .
2246 3772 2260 3787 .
2280 3774 2295 3788 .
2338 3738 2579 3787 Coedimus

1592 3818 1742 3880 inque
1760 3818 1920 3865 'vicem
1936 3852 1953 3875 ,
1974 3830 2061 3865 etc.
2092 3819 2140 3861 V
2134 3816 2277 3865 ivimr
2294 3816 2388 3864 hoc
2401 3830 2568 3881 pacto.

1591 3896 1697 3953 Sic,
1717 3894 1819 3945 hac
1834 3906 1978 3963 arte,
1998 3896 2033 3945 ὁ
2051 3892 2353 3949 Alcibiades
2376 3895 2398 3962 (
2408 3897 2443 3945 ὃ
2464 3894 2515 3946 Ν
2518 3913 2572 3945 c·

1590 3976 1690 4047 ro)
1710 4014 1727 4042 ,
1750 3989 1795 4027 te
1813 3978 2027 4029 novimus
2040 4013 2062 4039 ,
2079 3990 2167 4029 ccc.
2186 4012 2198 4027 .
2283 3979 2359 4028 On
2382 3978 2469 4026 bac
2484 3994 2569 4025 son
