2775 4619
661 385 788 473 196
1115 371 1411 448 VETT.
1462 325 2219 446 COMMENTARII

1155 561 1252 617 IN
1297 524 1715 618 sATIRAM
1772 557 2169 616 sExTAM.

1481 725 1550 758 111
1586 721 1857 758 AVAROB·

727 851 801 907 V.
845 869 897 906 1.
942 848 1255 919 Admovet]
1305 827 1471 906 Hanc
1516 847 1751 925 satiram
1802 847 2007 905 scribit
2054 847 2286 904 Persius
2323 845 2403 904 ad
2438 845 2655 906 Caesium

649 949 892 1004 Bassum
911 987 928 1016 ,
957 948 1194 1022 poetam
1224 944 1479 1021 lyricum
1494 986 1513 1014 ‚
1537 962 1717 1022 quem
1754 944 1907 1001 fama
1934 954 2021 1002 est
2037 987 2054 1014 ‚
2079 943 2144 1000 in
2168 943 2409 1021 praediis
2434 944 2551 1001 suis
2572 962 2657 1020 po-

648 1042 830 1100 situm
853 1084 870 1112 ‚
911 1040 1149 1099 ardente
1197 1041 1455 1100 Vesuvio
1505 1052 1707 1099 monte
1760 1040 2093 1118 Campaniae
2119 1082 2137 1111 ,
2181 1052 2243 1097 et
2285 1039 2403 1097 late
2454 1040 2657 1118 ignibus

645 1138 980 1196 abundante
1003 1181 1020 1208 ,
1051 1158 1192 1196 cum
1219 1137 1358 1196 villa
1385 1157 1491 1196 sua
1516 1150 1719 1195 ustum
1746 1157 1890 1196 esse.
1923 1137 2035 1195 Hic
2067 1157 2205 1214 ergo
2222 1180 2241 1208 ‚
2268 1135 2420 1194 dum
2441 1135 2658 1202 viveret,

645 1237 839 1292 Roma
861 1235 935 1292 ad
959 1235 1205 1294 Sabinos
1230 1234 1557 1292 necessario
1586 1234 1897 1304 transibat,
1923 1234 2031 1292 uhi
2054 1233 2311 1292 brumali
2340 1246 2595 1312 tempore
2611 1231 2657 1288 in

608 1365 612 1370 ·
645 1330 840 1390 calido
867 1331 1002 1390 loco
1030 1332 1288 1390 carmina
1315 1331 1625 1390 scribebat.

725 1450 799 1503 V.
839 1448 895 1504 6.
932 1447 1090 1502 Mihi
1117 1467 1269 1503 nunc
1299 1448 1479 1522 Ligus
1514 1452 1663 1517 ora]
1696 1447 1969 1524 Seipsum
2004 1445 2233 1504 Persius
2270 1445 2558 1524 significat
2588 1464 2658 1501 se-

647 1543 883 1602 cessisse
911 1542 973 1600 in
990 1543 1239 1621 Liguriae
1266 1543 1412 1601 fines
1431 1585 1449 1612 ‚
1476 1541 1778 1615 videlicet,
1802 1555 2045 1621 propter
2068 1542 2336 1600 Fulviam
2365 1541 2659 1601 Sisenniam

641 1633 895 1698 ‘matrem
917 1660 1084 1698 suam
1102 1683 1118 1712 ,
1145 1660 1278 1718 quae
1305 1653 1441 1718 post
1464 1653 1717 1698 mortem
1744 1640 1953 1718 prioris
1979 1640 2090 1698 viri
2115 1639 2201 1697 ibi
2226 1653 2413 1718 nupta
2444 1652 2580 1698 erat.

726 1759 799 1812 V.
828 1777 884 1829 7.
909 1757 1253 1832 Hymet-naa]
1278 1755 1479 1824 Saevit,
1508 1754 1605 1812 vel
1621 1774 1655 1812 a
1680 1753 1923 1833 mvigiis
1944 1767 2129 1813 vacat.
2148 1755 2314 1815 Sicut
2334 1755 2503 1814 enim
2522 1772 2663 1813 naves

643 1851 969 1932 hybernare
995 1851 1284 1925 dicimus3
1311 1851 1395 1909 sic
1424 1863 1483 1908 et
1510 1870 1700 1921 mare,
1722 1853 1863 1908 cum
1889 1870 2011 1910 non
2036 1851 2357 1930 navigatur.

725 1971 798 2026 V.
838 1988 928 2026 10.
967 1968 1084 2025 Cur
1091 1969 1262 2040 jubet
1286 1967 1396 2024 hoc
1426 1968 1621 2038 Enna]
1662 1969 1836 2025 Hunc
1860 1985 2096 2026 versum
2129 1966 2205 2025 ad
2240 1985 2421 2026 suum
2458 1986 2665 2026 carmen

645 2062 724 2123 de
749 2065 924 2122 Ennii
951 2062 1304 2136 carminibus
1335 2061 1646 2122 transtulit.

728 2183 800 2237 V.
827 2189 923 2248 al..
963 2181 1288 2236 Tur-darum
1319 2199 1485 2236 nosse
1515 2179 1809 2260 salivam]
1848 2181 2215 2259 Cognoscere
2242 2180 2565 2238 turdorum
2589 2199 2661 2236 sa-

649 2295 841 2357 poreS.
881 2275 1089 2341 Solent
1138 2275 1296 2335 enim
1345 2275 1591 2355 quidam
1640 2275 1795 2355 gulae
1850 2277 2081 2349 dediti,
2126 2289 2301 2335 tantae
2353 2275 2665 2337 subtilitatis

647 2375 864 2432 habere
902 2371 1164 2452 palatum
1181 2418 1198 2445 ‚
1231 2385 1300 2431 ut
1339 2373 1682 2452 dignoscant
1722 2374 1927 2433 turdos
1944 2418 1961 2445 ‚
1992 2394 2067 2433 an
2106 2374 2381 2434 cellarius
2400 2418 2420 2445 ‚
2457 2396 2535 2434 an
2572 2388 2663 2433 ter-

645 2472 835 2531 rarius
859 2471 984 2549 (πί.)
1013 2471 1088 2529 sit
1112 2492 1126 2529 τ
1157 2490 1232 2529 an
1266 2471 1593 2542 masculus,
1622 2493 1697 2531 an
1733 2472 1967 2530 femina.
1996 2472 2333 2531 Turdarum
2372 2472 2527 2533 dixit
2549 2473 2661 2531 abu·

648 2569 767 2629 sive
784 2612 802 2643 ,
830 2566 970 2627 cum
995 2568 1309 2627 turdorum
1332 2568 1647 2642 debuerat,
1677 2582 1747 2628 ut
1776 2566 2052 2628 Horatius
2077 2572 2245 2648 ponit
2271 2592 2285 2627 ε
2323 2594 2337 2604 2

997 2706 1130 2755 Pene
1153 2720 1372 2765 macros,
1397 2704 1543 2764 arsit,
1574 2704 1696 2751 dum
1720 2704 1895 2752 turdos
1919 2715 2081 2752 versat
2100 2704 2159 2752 in
2178 2705 2304 2769 igni.

725 2798 811 2883 V.
831 2826 924 2883 30.
959 2828 1226 2901 Ingentes
1249 2827 1323 2881 de
1335 2844 1543 2901 puppe
1569 2826 1729 2895 Dei.]
1754 2824 2007 2881 Navium
2034 2821 2285 2883 tutelam
2309 2823 2491 2897 dicit,
2512 2843 2659 2904 quam

644 2924 708 2981 in
734 2922 1038 3001 puppibus
1062 2920 1281 2980 habent
1298 2965 1315 2993 ‚
1342 2920 1733 2999 veLpingunt.

722 3041 796 3094 V.
845 3037 939 3094 35.
989 3038 1135 3093 Ossa
1177 3039 1465 3107 inodora]
1508 3036 1647 3095 Sine
1684 3034 2004 3114 unguentis
2036 3056 2051 3091 :
2088 3035 2185 3094 vel
2222 3036 2519 3095 inhonora
2544 3080 2565 3109 ‚
2596 3054 2662 3093 se-

642 3132 900 3213 pulturae
927 3132 1152 3191 honore
1179 3134 1451 3191 carentia.
1842 3142 1847 3147 “

720 3251 794 3305 V.
829 3257 921 3317 4ο.
962 3251 1172 3305 Crasso
1199 3250 1490 3306 vitiarunt
1512 3249 1810 3323 unguina]
1848 3248 2053 3305 Solent
2082 3248 2291 3306 rustici
2318 3246 2462 3307 cum
2484 3249 2659 3308 oleum

642 3343 924 3413 defuerit,
953 3344 1187 3421 adipem
1200 3349 1228 3376 *
1253 3344 1555 3422 pecudum
1581 3345 1643 3402 in
1671 3343 1902 3421 pultem
1928 3345 2107 3403 misso
2133 3364 2245 3423 pro
2274 3345 2417 3413 oleo
2444 3347 2554 3404 uti.

719 3462 792 3516 V.
827 3458 922 3515 55.
952 3448 1188 3517 Accede
1222 3462 1505 3530 bovillas]
1534 3459 1773 3517 Bovillae
1797 3456 1925 3537 (25)
1952 3470 2091 3517 sunt
2118 3460 2286 3518 vicus
2322 3460 2401 3517 ad
2418 3494 2425 3501 -
2442 3460 2660 3519 undeci-

637 3576 806 3612 mum
844 3554 1102 3631 lapidem
1133 3555 1340 3633 Appiae
1371 3554 1517 3612 viae:
1549 3554 1689 3632 quia
1737 3553 2056 3633 aliquando
2097 3556 2159 3613 in
2199 3556 2440 3616 Albano
2480 3568 2657 3616 monte

631 3652 711 3709 ab
739 3670 836 3708 ara
868 3651 1097 3729 fugiens
1125 3664 1328 3709 taurus
1358 3654 1484 3731 jam
1522 3664 1893 3713 consecratus
1910 3696 1927 3723 ,
1964 3652 2050 3711 ibi
2085 3654 2553 3733 comprehensus
2579 3664 2657 3711 est.

635 3748 784 3806 Inde
820 3749 1059 3806 Bovillae
1086 3749 1274 3806 dictae.

709 3866 782 3919 V.
815 3862 908 3919 56.
949 3865 1281 3939 Clcbumque
1311 3866 1401 3919 ad
1426 3868 1483 3919 V
1478 3868 1625 3937 irbfi]
1663 3868 1935 3937 Quatuor
1973 3865 2243 3925 millibus
2282 3867 2359 3925 ab
2400 3868 2561 3927 Urbe
2594 3877 2660 3924 est

627 3958 818 4029 Virbii
858 3958 1080 4033 clivus,
1111 3957 1232 4039 qua
1271 3960 1382 4021 iter
1421 3974 1509 4027 est
1548 3962 1623 4021 ad
1654 3961 1947 4035 Ariciam,
1980 3976 2040 4022 et
2076 3962 2155 4023 ad
2194 3984 2412 4024 nemus
2446 3966 2657 4033 Diam,
