2775 4619
584 455 667 522 52

1096 457 1174 516 A.
1223 447 1596 514 PERSII
1664 441 2050 510 FLACCI

670 573 923 646 Idcirco
958 572 1253 639 stolidam
1291 573 1535 661 praebet
1568 569 1689 634 tibi
1718 569 1952 634 vellere
1984 568 2255 632 barbam

668 687 966 780 Jupiter?
994 703 1107 752 aut
1132 687 1566 780 quidnamxest
1583 732 1600 765 ‚
1630 685 1766 771 qua
1779 699 1853 747 tu
1878 681 2174 748 mercede
2199 684 2486 778 Deorum

667 806 917 872 Emeris
942 799 1299 866 auriculas?
1328 799 1642 888 pulmone
1669 814 1733 862 et
1757 797 2034 862 lactibus
2057 795 2318 862 unctis?

2542 806 2610 860 30

668 920 837 985 Ecce
871 918 1010 982 avia
1027 966 1045 1000 ,
1078 933 1190 982 aut
1226 931 1522 982 metuens
1561 913 1784 979 divum
1820 928 2156 977 matertera
2172 961 2189 995 ‚
2219 912 2403 978 cunis

577 1122 698 1158 sum
720 1140 736 1166 ‚
769 1102 884 1174 ipse
916 1101 1069 1153 locus
1111 1099 1341 1152 intactus
1375 1097 1552 1150 securi

576 1184 742 1236 fiebat
777 1181 1434 1244 lucus.—Evieandumque
1481 1179 1554 1226 bi-

577 1265 763 1314 dental.
807 1259 1057 1331 Appellat
1113 1260 1330 1308 bidental
1370 1257 1553 1326 ipsum

576 1339 922 1412 fulguritum,
938 1337 1150 1410 poetica
1163 1336 1377 1390 licentia
1395 1355 1407 1386 ε
1426 1353 1552 1386 nam

574 1422 739 1492 vulgo
768 1421 840 1472 ita
866 1420 1129 1472 vocabant
1156 1417 1338 1469 locum
1358 1415 1446 1467 cui
1468 1433 1551 1467 re-

574 1501 705 1571 ligio
730 1511 957 1570 propter
987 1497 1145 1549 talem
1177 1513 1357 1547 casum
1386 1509 1555 1546 acces·

576 1587 749 1640 κει-εἰς
772 1576 910 1642 quod
936 1575 985 1624 ἰη
1014 1592 1071 1624 eo
1103 1573 1370 1622 bidentibus
1400 1572 1551 1620 sacri-

568 1659 788 1729 ficarent
799 1691 815 1713 ,
834 1652 1015 1724 inquit
1034 1651 1239 1703 Festus.
1262 1653 1552 1700 Evitandum

576 1735 745 1798 dicit,
774 1734 935 1805 quia,
957 1743 1018 1784 ut
1054 1729 1404 1783 Marcellinus
1443 1729 1516 1782 ait
1535 1766 1550 1792 ‚

576 1817 677 1870 lib.
716 1814 914 1866 XXIII
952 1831 965 1862 ε
1013 1813 1105 1862 hoc
1144 1813 1286 1860 modo
1326 1823 1554 1858 contacta

578 1901 689 1949 loca
724 1916 815 1947 nec
854 1895 1043 1945 calcari
1059 1892 1341 1960 fulgurales
1378 1893 1553 1941 debere

570 1978 904 2046 pronuntiant
923 1974 1049 2024 libri.
1086 1970 1152 2022 C.

650 2057 737 2108 28.
761 2043 1032 2122 Stolidam]
1057 2051 1249 2102 Recte:
1272 2067 1398 2101 nam
1417 2048 1551 2100 fatui

577 2148 633 2188 et
662 2133 812 2187 babae
849 2129 1088 2184 hominis
1128 2142 1182 2181 et
1214 2128 1558 2202 abjectissimi·

577 2217 719 2268 foret
745 2231 895 2266 suam
924 2211 1147 2262 barbam
1172 2209 1414 2280 praebere
1445 2207 1552 2261 vel·

572 2292 812 2348 leudam.
861 2291 941 2344 De
980 2289 1085 2343 hoc
1128 2288 1275 2360 gravi
1308 2285 1552 2339 ludibrio

576 2374 694 2429 vid.
718 2393 841 2446 sup.
864 2385 961 2442 sat.
983 2372 1043 2435 Ι,
1064 2390 1118 2423 v.
1144 2368 1260 2421 133.
1277 2400 1349 2409 —
1367 2372 1555 2419 Vellere

582 2455 810 2504 barbam.
843 2447 1055 2502 Alludit
1090 2445 1158 2498 ad
1194 2446 1398 2498 factum
1425 2445 1552 2497 Dio-

579 2532 721 2607 nysii
746 2528 1063 2605 Syracusani
1098 2525 1221 2579 satis
1246 2538 1458 2579 notum.

656 2633 743 2682 29.
767 2618 871 2663 Aut
896 2613 1134 2679 quidnam
1165 2612 1267 2675 esa]
1283 2609 1393 2659 Aut
1420 2625 1494 2678 qu
1517 2606 1554 2658 d

582 2690 845 2747 mercedis
878 2702 989 2753 est,
1023 2692 1132 2759 qua
1171 2700 1233 2741 tu
1270 2687 1462 2739 emeris
1500 2700 1555 2741 et

582 2771 949 2827 conciliaveris
972 2768 1073 2820 tibi
1096 2786 1250 2820 aures
1269 2778 1323 2818 et
1346 2767 1554 2837 patien-

578 2856 708 2907 tiam
728 2853 968 2903 Deorum
986 2848 1011 2900 i·

657 2933 743 2983 3ο.
769 2934 1004 2981 Pulmone
1034 2924 1090 2978 'et
1115 2929 1317 2977 lactibus
1334 2929 1556 2995 unctekz’]

581 3009 868 3081 Numquid
894 3009 1157 3080 pulmone
1184 3019 1237 3060 et
1262 3008 1556 3077 pinguibus

580 3090 853 3145 intestinis
888 3088 988 3140 tibi
1020 3105 1210 3140 eorum
1243 3087 1478 3141 favorem
1505 3101 1558 3139 et

580 3172 796 3227 veniam
836 3167 1175 3237 comparasti.
1213 3192 1234 3212 ι
1258 3167 1558 3219 Aristotelis

590 3276 615 3298 ι
636 3259 970 3321 Ρτωοερῐιιιιι
996 3258 1071 3297 est
1088 3283 1103 3307 ,
1128 3244 1306 3316 inquit
1324 3246 1555 3298 Casaub.

590 3352 615 3377 «ι
638 3330 696 3380 in
725 3338 847 3379 tert.
885 3326 1158 3377 Rhetoric.
1188 3327 1398 3396 quoties
1415 3328 1559 3380 vitu-

592 3436 617 3458 ·
638 3408 852 3481 per-abis
872 3404 1078 3477 aliquid
1102 3442 1119 3471 ,
1146 3418 1210 3458 ut
1230 3425 1299 3459 ex
1321 3406 1383 3459 iis
1403 3443 1418 3471 ‚
1442 3426 1559 3477 quae

591 3516 616 3538 ι
638 3487 706 3542 ad
722 3505 892 3559 genus
908 3483 1054 3538 idem
1070 3486 1345 3557 pertinent
1356 3524 1374 3549 ‚
1393 3484 1450 3537 id
1469 3504 1564 3556 po-

591 3592 616 3617 ·
637 3578 731 3622 nas
742 3564 893 3639 quod
901 3565 1219 3619 vilissimum
1234 3578 1312 3617 est
1328 3566 1564 3634 :quoties

594 3674 617 3696 ι
637 3645 857 3700 laudare
883 3645 1129 3696 instituas
1147 3681 1164 3706 ‚
1188 3643 1246 3695 id
1282 3642 1434 3715 quod
1465 3662 1563 3695 no-

595 3751 620 3775 ι
640 3726 960 3779 bilissimum
1001 3744 1013 3773 :
1056 3736 1201 3775 recte
1246 3724 1416 3793 igitur
1457 3723 1565 3776 hoc

594 3833 617 3855 ι
638 3816 911 3877 praecepto
930 3821 1059 3855 usus
1076 3816 1155 3854 cst
1172 3800 1387 3853 Persius
1403 3821 1418 3867 ;
1438 3820 1564 3855 nam

592 3912 617 3935 ι
639 3905 703 3939 ex
715 3886 902 3938 omnib
908 3903 969 3935 us
980 3900 1100 3954 quae
1110 3881 1223 3932 Diis
1233 3881 1563 3948 offeruntur,

594 3990 619 4014 ι
642 3966 774 4037 quid
814 3964 975 4018 vilius
1018 3961 1283 4033 pulmone
1323 3975 1377 4013 et
1415 3963 1565 4015 lacti-

1632 1107 1722 1148 tur
1752 1107 1928 1166 partes
1971 1093 2233 1147 intestinae
2265 1092 2606 1166 graciliores,

1633 1176 1782 1246 quasi
1815 1174 1949 1226 lacte
1984 1173 2353 1239 candidiores,
2382 1187 2438 1227 et
2469 1173 2608 1226 mol-

1629 1253 1809 1306 liores.
1835 1285 1908 1293 —
1939 1257 2116 1304 Unctis.
2168 1254 2354 1306 Lautis
2397 1265 2450 1307 et
2482 1254 2605 1326 pin·

1632 1333 1849 1405 guihus.
1893 1331 1957 1384 P.
2047 1333 2054 1338 “
2649 1336 2656 1342 ’

1704 1411 1734 1464 3
1745 1431 1765 1464 1
1775 1451 1786 1463 .
1803 1417 1926 1464 Ecce
1935 1451 1951 1473 ,
1969 1411 2078 1483 eta]
2099 1415 2221 1462 Ecce
2234 1412 2608 1464 transitionem

1630 1489 1864 1544 indicat:
1889 1510 2015 1544 nam
2041 1489 2108 1544 ad
2141 1489 2290 1543 aliud
2317 1509 2488 1563 genus
2514 1509 2608 1544 vo-

1631 1585 1814 1626 torum
1841 1570 2030 1624 transit
2048 1609 2064 1635 ,
2090 1589 2211 1642 quae
2239 1571 2338 1623 etsi
2363 1589 2478 1623 non
2501 1581 2608 1622 tam

1632 1647 1935 1704 damnanda
1959 1649 2215 1705 videntur
2229 1687 2246 1714 ,
2267 1661 2321 1702 et
2347 1650 2531 1722 potius
2552 1649 2608 1700 in

1630 1729 1940 1784 infirmitate
1980 1741 2033 1781 et
2070 1728 2340 1799 imperitia
2373 1729 2608 1782 humana

1632 1811 1896 1883 originem
1912 1810 2113 1862 habent
2127 1846 2143 1872 ‚
2162 1809 2522 1861 nihilominus
2539 1827 2609 1860 sa-
2653 1801 2658 1807 ’

1634 1891 1734 1943 tira
1760 1889 1920 1962 digna
1946 1887 2262 1962 judicantur
2279 1927 2296 1955 ,
2323 1888 2497 1941 veluti
2525 1907 2609 1941 su-

1630 1988 1898 2043 pervacua
1913 2008 1928 2034 ‚
1953 1970 2252 2041 perniciosa
2280 1983 2336 2045 et
2353 1971 2610 2041 supersti-

1632 2052 1764 2103 tiosa
1781 2089 1798 2116 ‚
1814 2051 1991 2123 qualia
2005 2051 2093 2102 illa
2110 2069 2230 2122 quae
2246 2063 2497 2120 suscepta
2513 2069 2609 2122 pro

1633 2132 1830 2203 opibus
1857 2169 1874 2194 ,
1919 2131 2159 2202 potentia
2189 2168 2205 2194 ‚
2258 2131 2570 2202 eloquentia
2589 2167 2606 2194 ,

1632 2213 1851 2265 militari
1870 2211 2057 2284 gloria,
2078 2211 2236 2275 fama,
2256 2210 2607 2284 longavitate‚

1631 2293 1805 2345 forma
1824 2330 1840 2357 ‚
1871 2304 1974 2345 etc.
1995 2331 2010 2357 ,
2032 2291 2172 2345 miro
2204 2289 2398 2344 ordine
2432 2311 2608 2363 perse-

1633 2372 1826 2445 quitur
1864 2372 2171 2434 summatis,
2200 2384 2297 2423 sat.
2334 2373 2419 2435 X,
2451 2390 2608 2443 quem

1632 2451 1759 2508 vide
1797 2453 1842 2506 si
1879 2454 2074 2523 placet.
2123 2454 2186 2504 A.
2219 2483 2291 2492 —
2315 2456 2442 2503 Ecce
2477 2456 2602 2503 avia.

1638 2558 1661 2580 ι
1684 2532 1834 2584 Olim
1859 2534 2078 2603 (inquit
2098 2532 2356 2600 Casaub.)
2379 2550 2496 2583 non
2517 2544 2610 2584 sta-

1638 2636 1661 2658 ·
1682 2612 1783 2663 tim
1797 2623 1860 2663 ut
1882 2623 1993 2664 erat
2023 2621 2182 2663 natus
2209 2609 2387 2662 infans
2421 2611 2610 2683 aliquis

1635 2715 1658 2738 ι
1685 2705 1738 2745 et
1749 2693 1866 2745 tolli
1881 2690 2185 2763 jussus‚pi·o
2198 2691 2349 2744 vitali
2361 2704 2416 2744 et
2429 2694 2607 2763 γονίμῳ

1639 2796 1661 2817 ι
1685 2783 1848 2841 partu
1875 2768 2198 2832 habebatur-3
2227 2768 2320 2822 sed
2354 2770 2614 2841 aliquam-¹

1639 2876 1662 2898 ι
1685 2851 1841 2903 multi
1867 2852 2314 2921 exspectabantur
2339 2848 2456 2903 dies
2472 2890 2489 2917 ,
2522 2853 2610 2923 qui

1639 2956 1662 2978 ι
1685 2929 1850 2983 fidem
1875 2931 2111 2983 facerent
2132 2931 2305 2985 vitalis
2324 2930 2504 2982 foetus.
2529 2969 2542 2982 .
2563 2970 2576 2983 .
2599 2970 2608 2981 .

1641 3038 1663 3059 ι
1687 3012 1896 3077 Quinto
1925 3010 2012 3063 die
2035 3030 2138 3083 pro
2165 3030 2338 3082 puero
2373 3030 2522 3085 sacra
2544 3012 2611 3063 sa-

1641 3117 1664 3140 «
1687 3110 1806 3145 cere
1838 3091 2093 3143 'solebant
2129 3090 2356 3143 Romani
2387 3110 2405 3157 ;
2449 3104 2506 3143 et
2545 3091 2610 3143 de

1641 3196 1663 3219 ι
1685 3185 1848 3242 partu
1883 3171 2062 3224 vitalis
2095 3185 2261 3235 esset,
2293 3189 2467 3223 necne
2487 3209 2503 3235 ‚
2528 3172 2610 3223 Pi-

1641 3277 1664 3299 ι
1683 3250 1862 3303 lumni
1878 3251 2080 3303 lectum
2105 3252 2477 3321 consulebant.
2499 3252 2611 3303 Ser-

1642 3356 1664 3377 ι
1689 3330 1808 3382 vius
1830 3349 1843 3380 e
1877 3334 2035 3381 Varro
2055 3334 2333 3381 Pilumnum
2357 3345 2409 3381 ee
2423 3334 2612 3381 Picum-

1644 3433 1666 3456 «
1689 3428 1805 3459 num
1819 3409 2080 3476 infantium
2094 3414 2222 3459 Deos
2232 3425 2326 3459 esse
2337 3412 2439 3469 ait,
2453 3412 2613 3477 eisque

1645 3510 1668 3535 ι
1682 3508 1779 3555 pro
1784 3507 2031 3555 puerpera
2051 3492 2225 3539 lectum
2239 3490 2290 3538 in
2305 3491 2437 3538 atrio
2449 3491 2612 3547 sterni,

1647 3590 1672 3614 ι
1691 3571 1808 3619 dum
1841 3571 2155 3635 exploretur,
2191 3586 2260 3619 an
2307 3570 2438 3619 utilis
2470 3569 2613 3639 (lege

1649 3674 1670 3694 ι
1692 3649 1871 3700 forsan
1901 3650 2108 3717 vitalis)
2131 3650 2195 3698 sit
2205 3686 2222 3707 ,
2248 3650 2340 3714 qui
2359 3662 2507 3698 natus
2529 3664 2612 3701 cst.

1649 3751 1671 3774 ιι
1693 3728 1790 3780 His
1809 3729 2128 3781 caerimoniis
2150 3741 2202 3780 et
2225 3728 2339 3779 aliis
2357 3728 2583 3798 peractis
2598 3767 2612 3793 ,

1645 3832 1668 3854 ι
1691 3810 1934 3858 lustr-icum
1969 3800 2262 3860 infantium
2304 3806 2455 3859 diem
2489 3808 2616 3860 cele»

1647 3911 1669 3934 ι
1690 3888 1946 3953 brabant;
1972 3888 2066 3959 qui
2092 3888 2197 3940 fuit
2218 3898 2444 3940 octavus
2466 3888 2614 3959 puel-

1647 3992 1670 4013 «
1692 3968 1867 4020 larum
1884 4006 1898 4031 ‚
1917 3986 2097 4021 nonus
2129 3985 2434 4040 puerorum
2452 4004 2468 4030 ‚
2493 3986 2611 4019 auc·

596 4070 623 4096 ⁸
640 4040 779 4099 hus?
795 4069 821 4095 ι
834 4044 1159 4095 -Laccibus.
1176 4043 1357 4097 Lactes
1376 4040 1569 4099 dicun-
1649 4070 1674 4096 ι
1693 4048 1908 4107 toribus
1927 4048 2084 4105 Festo
2097 4086 2116 4116 ‚
2135 4046 2413 4104 Plutarch.
2443 4059 2497 4103 et
2511 4049 2616 4103 Ma·
