2775 4619
492 448 620 515 218
691 448 903 520 JANI
938 447 1335 513 DOUSAE
1368 448 1708 514 SCHED.
1745 448 1874 513 AD
1909 448 2185 555 SUPP.
2223 449 2424 517 SAT.

491 576 611 639 nici
645 574 824 634 edicti
866 573 1293 653 proscriptione
1337 573 1551 651 procul
1595 572 2012 651 emigrantibus
2027 560 2050 645 ,¹
2077 575 2374 637 carissimo
2415 580 2544 634 Ca-

490 672 629 732 leno
647 716 664 744 ‚
690 673 930 751 inquam
946 715 963 743 ‚
983 676 1187 730 Romae
1213 691 1390 749 porro
1411 670 1614 729 lubeat
1636 690 1974 749 permanere
1989 713 2006 741 ‚
2034 672 2170 729 coeli
2191 672 2394 731 Sabini
2414 672 2542 731 de·-

489 770 771 830 siderium
787 812 806 840 ‚
834 782 1012 849 atque
1039 768 1335 827 urbanum
1364 767 1518 827 illud
1541 780 1752 847 togatae
1775 769 2064 827 comitatis
2091 770 2282 827 otium
2301 770 2542 827 uxoriis

490 868 899 947 complexibus
935 866 1284 946 praeferenti.
1324 864 1576 939 Subjicit
1609 864 1815 925 eadem
1855 866 2016 925 haud
2051 860 2244 925 inulto
2279 880 2416 946 post
2454 888 2543 925 ex

490 986 740 1046 persona
762 965 1055 1041 Calliopes
1078 963 1484 1043 respondentis
1511 964 1661 1035 sibi:

492 1132 552 1175 v.
580 1109 686 1199 67.
713 1108 885 1175 Nam
909 1107 1183 1172 Lam-eta
1201 1106 1265 1171 N
1266 1129 1466 1188 umae,
1485 1104 1831 1194 fontesque
1849 1106 2221 1171 habitamus
2239 1105 2538 1187 eosdem,

712 1204 831 1287 Et,
856 1206 1095 1270 comite
1121 1205 1396 1295 Aegeria
1413 1253 1432 1287 ,
1458 1202 1750 1270 ridemus
1784 1204 2006 1269 inania
2036 1204 2300 1294 coepta.]

574 1350 711 1419 Quo
754 1358 876 1405 non
924 1345 1131 1405 inscite
1178 1346 1624 1404 accommodare
1671 1345 1888 1425 poteris
1932 1344 2034 1403 illa
2075 1344 2370 1403 Iuvenalis
2394 1388 2413 1416 ‚
2459 1364 2542 1405 ex

430 1430 438 1436 ⁶
494 1457 599 1504 sat.
634 1448 755 1515 111,
786 1445 861 1503 de
887 1443 1183 1503 Umbritio
1215 1445 1410 1503 Roma
1447 1433 1654 1529 itidem
1684 1444 2038 1522 emigrante,
2069 1455 2128 1501 et
2155 1443 2398 1521 quidem
2422 1444 2542 1500 iis-

493 1543 631 1601 dem
665 1562 817 1620 pene
855 1542 1255 1620 temporibus,
1288 1542 1363 1599 de
1403 1542 1624 1619 quibus
1657 1541 1819 1619 apud
1853 1544 2088 1599 Musam
2127 1560 2292 1598 suam
2312 1583 2331 1611 ,
2369 1552 2544 1599 tanta

399 1714 401 1717 y
493 1659 632 1699 cum
656 1638 1058 1719 indignatione
1077 1683 1095 1711 ‚
1128 1639 1398 1717 queritur
1427 1638 1667 1697 heroina
1691 1640 1820 1697 haec
1843 1650 2043 1697 nostra
2061 1659 2078 1694 ε

848 1756 1079 1806 Substitit
1104 1756 1167 1806 ad
1190 1768 1384 1805 veteres
1411 1772 1556 1805 arens
1571 1791 1584 1815 ,
1603 1756 1950 1821 madidamque
1977 1758 2251 1821 Capenam:

847 1836 943 1885 Hic
969 1836 1062 1885 ubi
1086 1834 1353 1885 nocturna
1377 1838 1543 1885 Numa
1569 1835 1910 1885 constituebat
1935 1836 2125 1884 amice.

849 1916 1003 1967 Nunc
1030 1917 1156 1965 sacri
1180 1917 1336 1967 fontis
1362 1933 1540 1965 nemus
1555 1950 1572 1978 ‚
1595 1927 1646 1965 et
1671 1915 1878 1965 delubra
1902 1916 2144 1965 locantur

845 1998 878 2043 J
880 1996 1065 2056 udaeis
1092 2012 1313 2061 quorum
1340 1996 1619 2061 cophinus,
1637 1996 1932 2060 foenumque
1957 1995 2196 2060 supellex.

848 2078 1024 2127 Omnis
1050 2080 1186 2127 enim
1212 2078 1407 2144 populo
1431 2078 1706 2127 mercedem
1732 2077 1994 2144 pendere
1972 2094 2112 2143 Jussa
2137 2086 2212 2125 est

844 2158 1039 2219 Arbor,
1058 2171 1109 2208 et
1134 2160 1305 2225 ejectis
1329 2160 1578 2209 mendicat
1601 2160 1722 2208 silva
1749 2160 2011 2209 Camoenis.

852 2243 916 2288 Iu
941 2240 1120 2289 vallem
1146 2241 1367 2307 Aegeriae
1393 2241 1772 2301 descendimus,
1799 2252 1895 2289 etc.

497 2344 811 2404 Concludit
829 2365 1006 2425 porro
1032 2346 1465 2422 praesagitiones
1491 2364 1622 2404 suas
1646 2344 1912 2424 Calliope
1935 2343 2271 2424 Sulpiciana
2285 2387 2303 2416 ‚
2329 2345 2496 2404 aiens
2521 2367 2540 2402 z

492 2509 553 2552 v.
570 2487 674 2574 69.
691 2487 875 2568 Vive,
885 2486 1053 2553 vale:
1070 2503 1287 2552 manet
1300 2487 1480 2552 hunc
1493 2487 1846 2576 pulchrum
1861 2504 1972 2554 tua
1989 2487 2160 2552 fama
2177 2487 2479 2554 dolorem
2489 2487 2535 2577 .]

573 2641 655 2697 At
693 2639 1035 2706 concinnior
1074 2637 1353 2696 exstitura
1395 2639 1678 2699 sententia
1715 2637 1948 2698 videtur
1963 2683 1982 2710 ,
2017 2638 2102 2709 si,
2138 2659 2246 2704 sua
2262 2681 2284 2708 ,
2324 2638 2536 2716 potius

494 2735 864 2795 rescribatur.
891 2735 1077 2796 Addit
1104 2748 1402 2815 postremo
1429 2736 1700 2816 promissi
1727 2735 1820 2794 sui
1845 2733 2312 2815 praestationem:

846 2853 1106 2902 Musarum
1122 2853 1336 2918 spondet
1358 2852 1546 2916 chorus
1559 2887 1578 2910 ,
1597 2863 1648 2901 et
1667 2855 1924 2902 Romanus
1941 2853 2147 2920 Apollo.

405 3005 417 3015 i
492 2960 737 3034 Propter
758 2949 944 3016 aedem
965 2957 1258 3038 Apollinis
1281 2957 1528 3016 Palatini
1561 2956 1783 3016 scilicet
1796 2999 1814 3028 ‚
1839 2976 1912 3018 ac
1937 2955 2358 3015 bibliothecam
2381 2955 2538 3014 inibi

496 3054 573 3112 ab
594 3057 861 3132 Augusto
878 3055 1229 3134 jampridem
1254 3067 1680 3114 consecratam:
1707 3074 1826 3132 qua
1853 3054 1927 3111 de
1950 3073 2016 3111 re
2038 3054 2209 3132 plura
2227 3073 2538 3125 commen-

494 3151 772 3212 tariolum
799 3163 1065 3212 nostrum
1090 3154 1505 3225 Horatianum‚
1536 3154 1642 3232 qui
1664 3151 1823 3212 volet
1839 3196 1856 3224 ‚
1885 3151 2194 3210 consulito.
