2775 4619
841 437 1238 514 SATIRA
1297 420 1427 500 vi.
1548 459 1555 493 .

2042 463 2165 526 179

219 565 544 655 Pingitur.
577 567 684 629 An
713 561 975 631 renuis?
1007 561 1165 624 Vin’
1199 577 1270 625 tu
1306 559 1585 650 gaudere
1616 560 1896 626 relictis?
1993 615 2008 625 .

215 681 418 745 Deest
441 677 690 766 aliquid
717 701 999 742 summae.
1029 677 1247 740 Minui
1272 677 1475 757 mihi3
1503 674 1622 740 sed
1650 677 1773 739 tibi
1803 691 2013 752 totum
2038 693 2130 742 est
2146 726 2164 756 ,

214 792 572 882 Quidquid
606 793 676 857 id
721 809 832 857 est.
873 791 1007 855 Ubi
1045 791 1168 872 sit,
1206 789 1358 880 fuge
1408 813 1697 878 quaerere
1717 839 1739 871 ,
1778 789 1958 878 quod
2002 793 2167 868 mihi

401 907 739 996 quondam

2099 915 2164 966 65

215 1025 498 1114 LegArat
525 1023 768 1088 Tadius
790 1047 809 1106 ς
835 1045 963 1088 neu
995 1022 1165 1088 dicta
1198 1045 1441 1112 repone
1468 1038 1731 1111 paterna
1758 1046 1773 1086 ε

215 1139 500 1204 Fenoris
531 1137 791 1202 accedat
824 1159 1109 1219 merces;
1141 1137 1298 1201 hinc
1330 1137 1541 1200 exime
1574 1152 1889 1224 sumptus.

124 1323 429 1376 fortuitum
447 1322 548 1374 tibi
564 1323 876 1375 thesaurum
893 1339 1080 1387 annun

1084 1285 1116 1362 -’
1188 1323 1287 1371 sea
1303 1323 1395 1371 eibi
1410 1335 1589 1382 comm,
1606 1323 1776 1387 φίας.
1792 1323 1850 1370 td
1866 1335 1951 1372 en.
1974 1321 2169 1386 Quod-

127 1404 206 1455 tio
231 1417 292 1458 et
322 1402 556 1457 ostendo
585 1401 944 1474 captandumt
974 1414 1110 1454 tunc
1185 1417 1425 1472 cumque
1450 1419 1551 1471 ego
1587 1401 1824 1453 moriens
1854 1400 2131 1472 reliquero
2150 1438 2167 1466 ‚

125 1503 246 1538 mea
271 1483 575 1545 hereditas,
599 1482 858 1554 quantula
882 1480 952 1535 sit
972 1483 1072 1534 tibi
1089 1519 1107 1547 ,

124 1569 328 1636 ἑρμαῖον
344 1565 524 1619 videri
542 1564 722 1618 debet.
739 1593 812 1604 ·—·-
828 1569 892 1614 Ue
907 1566 1112 1632 illepin-

119 1647 272 1711 gitur.
299 1644 612 1696 Mercurius
647 1661 959 1695 crumenam
989 1663 1108 1714 gra·

123 1723 310 1777 vidam
333 1737 390 1776 et
409 1737 721 1794 turgentem
745 1725 980 1797 pecunia
998 1743 1109 1775 ma·

121 1824 200 1856 nu
225 1818 428 1856 tenens
451 1804 793 1876 pingebatur.
827 1803 958 1857 Vid.
989 1804 1110 1857 sui-

123 1883 272 1936 dam.
305 1884 370 1936 C.
391 1897 446 1936 et
472 1885 528 1936 Ρ.

194 1966 288 2018 63.
318 1970 406 2016 An
433 1967 630 2033 renuis]
657 1967 740 2017 An
762 1983 876 2016 non
893 1966 974 2017 vis
991 1953 1110 2017 mea

122 2047 268 2098 bona
291 2046 474 2099 veluti
496 2047 656 2116 gratis
683 2045 807 2098 data
829 2043 1110 2117 accipere?

121 2126 323 2180 Horat.
347 2125 443 2178 lib.
466 2127 525 2177 II
540 2163 556 2190 ‚
579 2138 673 2178 sat.
697 2125 728 2177 3
749 2146 763 2178 :

118 2247 320 2347 ’Reiecti
339 2285 495 2347 predi
507 2320 521 2343 ,
544 2301 686 2349 quain
695 2215 1109 2349 Ῥιαέιεξῖοῧῖιῖοιι-

247 2358 354 2407 rius
374 2358 482 2403 fert.

119 2477 190 2487 --
209 2448 333 2497 Vin'
357 2460 414 2495 tu
440 2447 910 2513 gaudere-relictis?
935 2447 1107 2498 Visne

116 2528 296 2598 potiri
329 2526 632 2580 hereditate
667 2532 784 2581 med
801 2553 828 2593 ,·
845 2528 1107 2599 quantula

117 2608 294 2660 fuerit
315 2605 340 2657 P
367 2606 432 2658 P.

189 2692 286 2751 64.
325 2693 482 2739 Deest
519 2690 718 2754 aliquid
753 2686 995 2756 summan]
1020 2686 1110 2738 'At

114 2787 349 2822 summae
357 2768 570 2839 aliquid
583 2788 612 2821 a
625 2787 712 2821 me
721 2781 1108 2839 consumptum

117 2847 637 2899 est.—-Minuimih1'.
659 2845 723 2896 In
746 2862 930 2897 meum
949 2863 1109 2897 usum

115 2922 394 2977 converti.
403 2920 692 2992 Numquid
703 2940 802 2993 ego
815 2940 928 2974 non
937 2939 1108 2974 essem

111 3004 260 3056 liber
280 3042 300 3068 ‚
335 3016 396 3056 et
437 3020 687 3055 meorum
728 3004 1002 3055 bonorum
1039 3022 1106 3056 ex

107 3084 236 3155 lege
257 3082 584 3154 possessor?
603 3084 806 3156 Regula
824 3085 964 3155 juris
987 3097 1100 3137 est:

111 3183 236 3217 rem
257 3164 343 3216 illi
361 3164 545 3234 perire
572 3166 657 3236 cuj
665 3182 728 3216 us
749 3176 829 3216 est
845 3202 861 3228 ‚
885 3164 927 3215 si
948 3163 1104 3217 dolus

111 3246 258 3296 absit
284 3255 386 3296 ant
403 3244 506 3295 lata
526 3244 704 3314 culpa.
723 3244 874 3295 Bona
890 3244 1106 3297 heredi-

109 3326 242 3379 tatis
267 3336 404 3377 ante
423 3336 656 3377 mortem
675 3324 959 3392 defuncti,
983 3339 1110 3380 sunt

107 3406 314 3478 ipsius.
331 3403 618 3477 Quicquid
632 3405 814 3477 igitur,
829 3406 925 3458 illo
944 3408 1076 3461 vivo
1087 3445 1106 3473 ,

107 3486 188 3540 de
221 3486 395 3539 bonis
426 3486 573 3557 perit
587 3524 603 3550 ,
630 3477 748 3558 ipsi'
768 3486 915 3556 perit
935 3524 953 3551 ‚
988 3505 1102 3540 non

105 3569 200 3619 fut
205 3584 316 3619 uro
329 3564 544 3618 heredi:
558 3564 838 3637 quomodo
851 3566 996 3619 enim
1010 3566 1106 3619 ali-

109 3646 260 3719 quid
273 3646 491 3698 amittat
507 3648 812 3721 quisquam,
825 3645 975 3718 quod
991 3665 1106 3700 non

105 3730 284 3783 habet
299 3727 324 3780 ἓ
341 3728 493 3781 Bene
515 3726 686 3798 igitur
709 3730 868 3779 minui
881 3731 1022 3781 milui.
1034 3758 1107 3769 —-

1187 1481 1292 1534 hoc
1307 1481 1407 1534 tibi
1422 1494 1601 1534 totum
1614 1483 1719 1534 erit
1732 1495 1787 1534 et
1801 1483 2089 1554 integrum.
2100 1485 2143 1537 C
2153 1522 2165 1535 .

1259 1563 1349 1615 65.
1378 1565 1473 1613 Ubi
1494 1566 1580 1623 sie,
1592 1564 1725 1630 fuge
1750 1564 2013 1633 qua-rere]
2040 1565 2168 1616 Noli

1187 1661 1217 1694 a
1251 1661 1338 1694 me
1371 1643 1639 1695 rationem
1672 1657 1858 1714 petere
1892 1645 2169 1698 bonorum

1188 1739 1438 1774 meorum
1454 1761 1469 1786 ‚
1488 1722 1648 1776 sicuti
1670 1724 1807 1776 solet
1828 1725 1989 1778 herus
2009 1745 2039 1778 a
2065 1724 2171 1778 dis-

1165 1814 1471 1873 ·pensatore
1489 1821 1641 1856 servo
1665 1821 1786 1855 suo.
1815 1803 1877 1856 P.

1259 1886 1348 1934 66.
1367 1883 1614 1952 ·Tad1‘us.]
1638 1885 1683 1934 E
1704 1885 2001 1954 majoribus
2021 1886 2169 1958 quis·

1187 1962 1466 2034 piam,vel
1500 1963 1637 2016 alius
1670 1963 1902 2035 quilibet
1925 1978 2166 2020 testator.

1187 2046 1382 2094 *Neu
1410 2043 1549 2096 dicta
1577 2064 1759 2112 repone
1775 2051 2033 2115 paterna]
2056 2049 2171 2100 Neo

1189 2135 1416 2196 patruus
1438 2123 1573 2176 mihi
1598 2137 1713 2177 esto
1732 2161 1749 2188 ‚
1778 2143 1880 2177 nec
1904 2124 2046 2178 diem
2066 2128 2168 2179 im-

1189 2202 1399 2272 periosa
1410 2240 1429 2268 ‚
1448 2203 1689 2256 censoria
1706 2215 1761 2255 et
1777 2217 1999 2274 paterna
2012 2244 2029 2270 ,
2049 2207 2169 2277 qui-

1184 2281 1288 2335 bus
1306 2283 1389 2335 uti
1410 2282 1588 2337 solent
1608 2295 1785 2355 patres
1800 2283 1856 2336 in
1873 2285 2170 2357 repetenda

1185 2382 1370 2415 rerum
1404 2363 1530 2416 filiis
1562 2364 1911 2417 creditarum·
1924 2366 2133 2420 ratione
2151 2405 2168 2430 ,

1187 2442 1323 2494 mihi
1342 2462 1449 2513 pro
1472 2444 1605 2497 meis
1627 2444 1905 2498 beneficiis
1928 2459 1983 2499 et
2002 2448 2172 2500 facul·
2206 2501 2217 2507 ,

1187 2522 1391 2575 tatibus
1407 2559 1425 2586 ‚
1454 2542 1587 2595 quas
1628 2514 1739 2577 tibi
1766 2525 2021 2597 relinquo
2040 2563 2057 2590 ,
2083 2546 2168 2579 re-

1184 2620 1330 2673 pone
1361 2616 1418 2655 et
1448 2604 1708 2657 retribue.
1730 2634 1800 2644 —
1822 2610 2053 2656 Paterna.
2084 2608 2167 2658 De

1183 2700 1286 2734 suo
1313 2694 1469 2753 patre
1494 2701 1609 2734 non
1639 2683 1885 2754 loquitur
1910 2683 2127 2737 Persius
2148 2704 2166 2748 ς

1185 2782 1310 2815 nam
1336 2782 1481 2835 puer
1510 2776 1721 2836 patrem
1752 2764 2006 2817 Flaccum
2032 2766 2165 2818 ami·
2189 2770 2193 2774 ’

1187 2855 1338 2895 serat.
1365 2844 1432 2895 L.

1259 2927 1344 2995 67.
1351 2927 1551 2976 Fenori's
1561 2926 1767 2975 accedat
1775 2928 1990 2993 merces]
2000 2926 2163 2990 Olim,

1185 3006 1314 3058 cum
1348 3004 1593 3057 relictam
1628 3024 1658 3057 a
1690 3022 1776 3057 me
1805 3004 2165 3059 hereditatem

1183 3084 1586 3139 administrabis
1621 3121 1639 3148 ‚
1680 3103 1797 3137 rem
1849 3086 2118 3158 amplifica
2144 3108 2161 3139 ε

1185 3177 1240 3217 et
1273 3164 1557 3217 fenoribus
1588 3183 1722 3237 auge
1752 3178 1903 3219 tuam
1936 3180 2158 3222 sortem.

1185 3276 1255 3287 -—
1263 3249 1464 3297 Fenoris
1474 3266 1667 3299 merces.
1680 3247 1789 3300 Pro
1802 3250 1930 3301 senu
1938 3268 1961 3301 s
1974 3288 1991 3314 ,
2011 3250 2164 3327 quod

1187 3340 1269 3381 est
1285 3344 1495 3379 merces
1516 3340 1713 3381 mutuo
1738 3324 1873 3384 datae
1890 3333 2161 3402 pecuniae.

1185 3412 1397 3459 -Hinc
1432 3410 1595 3461 exime
1630 3425 1857 3477 sumptus.
1898 3414 2064 3471 Hinc,
2096 3429 2165 3463 ex

1183 3490 1370 3543 fenore
1385 3530 1403 3557 ,
1428 3508 1540 3542 non
1565 3508 1630 3543 ex
1658 3491 2163 3558 sorte.--Sumptus.

1182 3570 1262 3625 Τὰ
1302 3568 1566 3639 ἐπιτήδεια
1598 3578 1709 3625 καθ’
1744 3574 1961 3645 ἡμέραν,
1998 3572 2163 3625 etiam

1183 3650 1334 3722 apud
1362 3651 1655 3705 Plautum:
1682 3666 1737 3705 et
1758 3651 1957 3707 Graecis
1982 3653 2081 3709 ita,
2108 3652 2163 3703 at

1183 3726 1415 3787 δαπάναι
1446 3753 1551 3806 pro
1581 3732 1772 3804 τροφαί.
1809 3734 1892 3784 Ita
1930 3730 2157 3785 Casaub.

181 3904 260 3952 V.
292 3898 386 3949 63.
421 3897 539 3947 Vin·
561 3909 630 3947 tu.
660 3897 818 3949 codd.
837 3862 1047 3948 Puteen.
1069 3898 1290 3949 colbert.
1307 3902 1440 3962 1,et
1458 3900 1564 3949 dno
1582 3901 1695 3960 alii,
1714 3899 1879 3949 vista.

183 4004 258 4050 V.
281 4000 377 4048 66.
404 3995 603 4046 Tadius.
625 3997 752 4047 cod.
777 4008 973 4056 noster,
995 3997 1184 4057 Staius,
1207 3999 1447 4049 Fauchet.
1474 3998 1583 4050 eod..
1602 4009 1653 4049 et
1676 4009 1778 4049 tres
1805 3998 1919 4060 alii,
1940 3998 2160 4049 Scadius:
2232 4042 2239 4049 .
2274 4008 2279 4023 ¹

107 4080 203 4131 alii
223 4080 408 4139 diter,
430 4087 494 4126 nt
520 4073 586 4127 fit
611 4092 742 4141 sape
766 4075 825 4131 in
847 4076 1144 4129 nominihus
1169 4080 1405 4145 propriu.

1702 4170 1801 4213 12.
