2775 4619
554 256 687 345 2'24
1142 262 1212 329 C.
1272 262 1675 329 LUCILII
1731 262 1991 330 VITA.

552 386 902 454 detraheret.
928 386 1079 447 Hinc
1106 390 1162 447 ei
1188 390 1522 447 libertatem
1559 401 1620 447 et
1657 390 2035 449 acerbitatem
2073 408 2364 449 summam
2392 390 2592 463 Quin-

545 488 785 547 tilianus
804 486 1119 546 adscribit:
1146 488 1253 565 qui
1276 486 1448 544 locus
1472 506 1593 544 non
1613 485 1837 564 patitur
1856 506 1954 544 me
1975 485 2272 545 oblivione
2293 489 2597 566 praeterire

545 580 730 643 alium
758 584 1009 643 similem
1034 584 1112 641 de
1140 584 1372 642 Lucilio
1399 584 1601 642 locum
1615 627 1633 654 ‚
1655 583 1759 643 sed
1780 596 2129 662 corruptum
2144 628 2162 656 ,
2185 586 2357 659 cujus
2382 599 2598 644 auctor.

544 694 713 741 vetus
738 682 965 740 Horatii
992 683 1278 759 interpres
1296 724 1313 751 ‚
1338 681 1504 759 apud
1532 702 1712 757 quem
1739 682 1820 739 ita
1853 682 2072 760 legitur
2089 703 2108 739 ι
2135 684 2332 740 Satira
2357 686 2601 741 Horatii

548 782 929 840 interLucilii
944 780 1187 835 satiram
1210 782 1588 837 etduvenalis
1607 781 1810 835 media
1833 791 1950 847 θεῖς
1973 800 2114 835 nam
2138 794 2195 837 et
2212 784 2593 856 asperitatem
2627 816 2636 828 ι

548 878 766 947 habet,
800 880 1036 953 qualem
1069 878 1359 945 Lucilius3
1386 888 1445 931 et
1477 878 1815 933 suavitatem
1857 880 2092 952 qualem
2123 880 2456 935 Iuvenalis-.-
2485 879 2608 948 ubis
2664 944 2670 949 ,
2741 870 2743 877 ’

548 974 828 1032 audacter
868 992 1093 1051 repono
1115 1014 1132 1043 ,
1167 974 1576 1043 acerbitatem,
1613 992 1793 1050 quam
1837 984 1974 1051 apte
2021 966 2294 1031 suavitati
2309 972 2554 1053 'opponi
2571 1021 2588 1047 ‚

548 1090 685 1149 quae
699 1071 905 1147 ,statim
932 1070 1197 1128 Juvenali
1224 1068 1506 1127 tribuitur
1521 1114 1548 1146 ,Ι
1562 1086 1740 1129 nemo
1771 1070 2044 1148 negabit3
2073 1067 2134 1129 et
2161 1072 2448 1129 acerbitas
2475 1094 2593 1131 cae-

546 1169 783 1246 teroqui
825 1168 1061 1246 propria
1106 1166 1659 1245 satirographorum.
1707 1168 1804 1227 Sic
1848 1169 2007 1227 enim
2049 1169 2326 1229 Horatius
2363 1170 2440 1229 de
2479 1190 2542 1229 se
2569 1214 2594 1244 a

546 1264 653 1324 lib.
684 1268 742 1323 11
769 1285 1138 1336 sermonum,
1166 1277 1271 1322 sat.
1307 1268 1373 1321 1:

907 1394 1039 1441 Sunt
1062 1390 1248 1455 quibus
1273 1391 1335 1439 in
1355 1391 1502 1441 satira
1523 1389 1690 1441 videar
1711 1391 1862 1441 nimis
1887 1406 2014 1444 noer.

547 1504 786 1567 Amavit
805 1504 1069 1563 Lucilius
1092 1505 1387 1589 Collyram
1413 1506 1676 1583 puellam
1693 1548 1710 1577 ,
1736 1507 1982 1584 ejusque
2004 1507 2258 1565 nominis
2279 1505 2457 1565 titulo
2485 1506 2592 1565 de-

548 1600 772 1663 cimum
808 1613 1033 1679 sextum
1070 1602 1289 1685 librum
1323 1602 1634 1683 inscripsit.
1665 1607 1912 1663 Servum
1951 1603 2158 1663 habuit
2191 1606 2433 1663 nomine
2459 1608 2596 1662 Me-

546 1700 895 1780 trophanem
919 1744 937 1773 ,
978 1698 1148 1775 cujus
1189 1699 1369 1758 fidem
1412 1720 1480 1759 ac
1520 1701 1875 1779 probitatem
1915 1702 2154 1781 publice
2193 1702 2494 1781 epitaphio
2535 1700 2596 1759 ei

484 1809 490 1821 “
547 1798 791 1858 condito
818 1811 1063 1856 testatus
1090 1808 1196 1855 est.
1230 1797 1526 1856 Habitavit
1552 1802 1758 1856 Romae
1795 1797 1859 1856 in
1901 1798 2081 1857 domo
2099 1844 2117 1871 ‚
2147 1819 2280 1877 quae
2306 1796 2597 1857 Antiochi

544 1898 699 1977 regis
723 1896 848 1955 filio
882 1892 1074 1954 obsidi
1102 1894 1341 1981 publice
1369 1896 1650 1955 aedificata
1681 1896 1888 1953 fuerat.
1915 1897 2162 1975 Neapoli
2183 1908 2492 1985 ‘mortuum
2523 1915 2597 1953 ac

546 1994 793 2074 publico
820 1995 1024 2052 funere
1056 1992 1279 2051 elatum
1316 1994 1398 2051 ait
1433 1991 1755 2064 EusebiuS,
1769 2011 1940 2052 anno
1968 1994 2152 2051 aetatis
2180 2012 2300 2051 suae
2335 1993 2599 2072 quadra-

546 2091 768 2171 gesimo
796 2102 997 2151 sexto.
1028 2088 1127 2149 cui
1152 2110 1443 2148 annorum
1478 2090 1690 2149 rationi
1715 2088 1848 2148 vide
1883 2111 1958 2149 an
1993 2108 2116 2149 non
2149 2102 2438 2171 repugnet
2463 2092 2602 2150 Ho-

540 2185 766 2262 ratius,
794 2186 911 2269 qui
927 2210 1065 2249 eum
1095 2206 1294 2248 senem
1321 2186 1460 2246 facit
1487 2187 1606 2279 illis
1630 2186 1928 2247 versibus·

868 2318 879 2324 '
916 2347 1639 2364 .....................
1651 2316 1770 2377 Quo
1796 2314 1884 2373 fit,
1911 2326 1970 2363 ut
1994 2317 2163 2365 omnis
2205 2298 2234 2359 Ι.

902 2393 1087 2442 Votiva
1106 2404 1271 2459 pateat
1296 2391 1455 2442 veluti
1481 2393 1728 2458 descripta
1754 2389 1934 2442 tabella

908 2475 1027 2524 Vita
1053 2475 1205 2524 senis.

550 2597 717 2678 quod
763 2612 885 2675 quo
929 2609 1103 2674 pacto
1150 2614 1291 2678 culn
1340 2593 1682 2655 Eusebianis
1725 2595 2015 2655 chronicis
2060 2591 2360 2655 conciliari
2403 2593 2604 2675 possit

548 2695 753 2754 nullus
770 2693 1010 2752 hercule
1028 2693 1203 2752 video
1221 2738 1237 2765 ,
1261 2690 1441 2752 nisisi
1471 2694 1792 2753 solemnem
1813 2693 1977 2751 illam
1997 2690 2391 2753 Servitulliani
2415 2693 2603 2754 lustri

546 2793 836 2852 rationem
871 2791 1235 2868 sequendam
1280 2791 1611 2863 ducamus,
1641 2793 1796 2871 quA,
1827 2804 1894 2849 ut
1933 2791 2038 2850 lib.
2067 2795 2164 2865 X,
2200 2813 2326 2871 cap.
2367 2795 2443 2850 28
2464 2837 2483 2864 ,
2520 2813 2602 2852 ex

537 2875 859 2951 'Tuberone
888 2888 1065 2947 docet-
1089 2892 1159 2945 A.
1193 2888 1349 2946 Gell.
1373 2889 1642 2960 juniores
1677 2889 1753 2946 ad
1786 2908 2009 2947 annum
2045 2909 2236 2968 usque
2265 2891 2606 2970 quadrage-

545 2987 765 3046 simum
791 2998 1023 3046 sextum
1042 3029 1059 3055 ‚
1094 3003 1390 3063 supraque
1431 3007 1571 3044 eum
1601 2990 1855 3044 seniores
1886 2987 2106 3046 fuerint
2132 2985 2435 3066 appellati.
2471 2993 2604 3048 Lu·-

544 3085 754 3142 cilium
774 3096 974 3142 autem
996 3083 1258 3160 primum
1285 3084 1556 3142 omnium
1582 3104 1643 3142 se
1669 3104 1737 3142 ac
1764 3079 2260 3162 elegantissimum
2281 3081 2603 3164 ingenium

548 3203 727 3242 suum
756 3182 821 3240 in
853 3179 969 3239 hoo
1008 3174 1300 3239 scribendi
1336 3201 1551 3260 genere
1587 3175 1943 3252 exercuisse,
1970 3201 2038 3239 ac
2077 3173 2303 3240 satirica
2333 3185 2600 3244 carmina

546 3281 797 3340 scribere
826 3279 1071 3357 coepisse
1091 3322 1109 3349 ‚
1140 3299 1214 3336 ex
1240 3279 1484 3337 Horatio
1514 3279 1744 3358 liquido
1768 3287 2042 3358 apparet,
2073 3277 2180 3358 qui
2205 3279 2386 3338 modo
2414 3281 2598 3340 illum

544 3383 909 3435 Inventor-em
928 3377 1055 3452 ejus
1078 3375 1218 3434 facit
1230 3420 1248 3448 ‚
1268 3375 1454 3435 modo
1472 3397 1679 3434 ausum
1695 3421 1715 3448 ‚
1742 3377 1823 3435 ait
1840 3423 1858 3450 ,
1865 3380 2130 3453 primum
2150 3379 2210 3434 in
2229 3379 2383 3434 hunc
2400 3384 2598 3456 operis

548 3491 893 3550 componere
923 3475 1188 3531 carmina
1220 3493 1458 3530 morem.
1485 3477 1636 3534 Nam
1661 3475 1830 3555 quod
1860 3471 2116 3533 Ennium
2142 3488 2245 3534 aut
2270 3459 2596 3536 Pacuvium

546 3573 682 3652 quis
701 3569 940 3646 objiciat
960 3569 1132 3627 nobis
1147 3613 1164 3642 ,
1187 3589 1446 3649 quorum
1467 3573 1641 3630 etiam
1661 3573 1964 3631 satirarum
1985 3570 2122 3632 libri
2141 3594 2176 3631 a
2197 3576 2600 3652 grammaticis

545 3669 898 3738 laudantur,
927 3667 1125 3726 minus
1151 3664 1339 3726 nihilo
1366 3681 1473 3728 est.
1505 3667 1705 3729 'ritulo
1732 3683 1903 3729 tenus
1934 3670 2178 3749 quidem
2207 3671 2279 3728 iis
2299 3691 2442 3728 cum
2471 3677 2600 3730 Lu-

463 3807 469 3812 ·
550 3767 731 3826 cianis
764 3765 954 3824 satiris
1004 3763 1420 3839 conveniebat,
1454 3788 1518 3827 re
1560 3769 1686 3846 ipsa
1732 3767 2158 3827 dissimillimis.
2193 3772 2342 3826 Nam
2379 3783 2606 3846 praetet·

548 3863 715 3942 quod
738 3859 977 3922 diversis
994 3873 1317 3946 metrorum
1340 3865 1653 3942 generibus
1671 3885 1770 3926 eos
1789 3867 2152 3948 conscriptos
2167 3865 2602 3944 comperimuS,
2659 3921 2670 3928 .
