2775 4619
505 470 640 538 Ex
684 469 1148 538 INGERTO
1187 469 1503 538 sA'rm.
1550 471 1873 584 Lumo.
1997 417 1999 421 ’
2052 472 2181 539 333

1099 599 1148 654 L
1163 599 1236 655 V.

197 697 499 766 Durum,
529 694 711 805 molle
737 713 942 766 voras;
974 694 1294 795 fragmenta
1321 691 1587 753 interfici’
1610 692 1800 773 panis.

1074 795 1122 850 L
1135 795 1188 849 V
1202 787 1260 849 1.

211 889 501 962 Concilio
529 890 772 968 antiquo
801 889 1028 980 sapiens
1053 890 1142 948 vir
1175 888 1326 947 solu'
1357 889 1540 948 fuisti.

1055 989 1169 1044 LV
1182 987 1211 1042 Ι
1231 989 1280 1044 I.

214 1082 340 1154 Qui
368 1040 653 1160 campos,
679 1081 980 1162 collesque
1005 1083 1191 1162 gradu
1217 1082 1543 1162 perlabitur
1566 1103 1709 1142 uno.
1760 1132 1767 1140 .

977 1185 1076 1239 ·L
1087 1184 1142 1239 V
1156 1183 1185 1236 I
1202 1182 1231 1237 Ι
1249 1185 1298 1238 I.

215 1277 358 1335 Non
379 1289 598 1356 tango,
623 1275 788 1356 quod
809 1295 1012 1336 avarus
1030 1274 1214 1336 vhomo
1237 1289 1352 1349 est,
1376 1278 1661 1358 quodque
1682 1252 1977 1358 improbu’
1994 1278 2185 1340 mitto.

1059 1380 1109 1434 L
1126 1379 1155 1434 1
1175 1378 1254 1433 X.

218 1471 468 1530 Vellem
491 1491 630 1530 cum
657 1472 860 1556 primis
878 1514 896 1542 ,
921 1472 1056 1530 fieri·
1074 1473 1121 1530 si
1151 1473 1300 1530 forte
1327 1472 1589 1552 petisset.

1101 1574 1150 1628 L
1169 1573 1246 1628 X.

226 1667 542 1736 Vicimus,
575 1665 612 1723 ὁ
639 1666 817 1737 socii,
845 1679 906 1725 et
925 1685 1196 1746 maguam
1223 1668 1601 1748 pugnavimu’
1624 1689 1903 1748 pugnam.
1978 1655 1983 1660 ⁶

1071 1769 1122 1823 L
1137 1768 1199 1822 X
1214 1769 1264 1823 1.

227 1859 485 1920 Rhodos
508 1860 930 1940 Carpathium
912 1881 974 1920 m
999 1861 1244 1941 pelagus
1273 1882 1334 1922 se
1361 1863 1601 1922 inclinat
1625 1876 1911 1942 apertum.

1049 1962 1097 2016 L
1114 1965 1175 2018 X
1194 1963 1223 2016 I
1240 1963 1288 2016 1.
1470 1969 1475 1975 ⁴

233 2057 624 2135 Carpathium
649 2075 810 2116 mare
833 2068 1193 2116 uansvectus
1215 2057 1473 2116 coenabis
1496 2057 1713 2115 Rhodi.

726 2177 728 2179 ’
942 2175 944 2177 '
1030 2157 1077 2212 L
1096 2158 1157 2211 X
1173 2157 1202 2212 I
1220 2157 1249 2212 I
1267 2156 1315 2212 Ι.

236 2249 468 2309 Judicis
493 2249 770 2315 Hortensi
797 2263 886 2311 est
908 2251 984 2308 ad
1015 2271 1144 2311 eam
1173 2271 1299 2311 rem
1327 2263 1462 2311 nata
1487 2251 1772 2353 palaestra.

1045 2353 1096 2407 L
1115 2352 1173 2407 X
1192 2352 1222 2407 1
1236 2352 1310 2407 V.

209 2446 316 2504 -Ut
341 2446 604 2525 praetori’
631 2445 880 2517 cohors,
904 2458 975 2504 ut
999 2447 1214 2505 nostris
1242 2446 1393 2505 dixit
1418 2446 1729 2527 haruspex.
1789 2467 1793 2471 ·

1069 2549 1120 2603 L
1135 2548 1195 2603 X
1204 2548 1278 2603 V.

182 2640 538 2721 ,Principio
561 2600 738 2699 exitu’
761 2642 1008 2721 dignm,
1035 2640 1435 2721 exodiumque
1466 2634 1763 2748 sequetur.

975 2776 980 2782 -
1048 2743 1096 2803 L
1117 2742 1300 2797 XVI.

240 2836 458 2919 Magna
491 2856 680 2917 penus
707 2856 886 2916 parvo
919 2837 1106 2917 spatio
1140 2849 1488 2915 consumpta
1515 2837 1752 2916 peribit.

652 3005 657 3011 ,
1029 2936 1259 2992 LXVI
1277 2938 1325 2991 1.

245 3029 304 3088 Si
330 3030 444 3091 tibi
470 3049 648 3111 porro
673 3030 874 3090 isthaec
894 3049 988 3090 res
1005 3030 1226 3089 idcirco
1248 3043 1336 3093 est
1357 3031 1527 3090 cordi
1541 3075 1558 3103 ,
1584 3030 1751 3109 quod
1770 3049 1895 3088 rere
1916 3031 2141 3091 utilem.

242 3234 321 3283 55.
346 3237 575 3296 Nonius,
601 3246 660 3285 ut
687 3254 865 3301 supra,
893 3236 954 3284 ad
983 3237 1069 3285 51.
1295 3238 1380 3285 62.
1411 3237 1601 3285 Junius
1635 3234 1995 3303 Phylarg'yrius
2030 3239 2087 3287 in
2112 3199 2201 3296 IV,

246 3314 325 3363 56.
361 3320 560 3367 Servius
602 3318 738 3365 Petri
777 3318 997 3366 Danielis
1034 3318 1146 3365 Au·
1225 3320 1407 3383 Georg.
1436 3318 1619 3383 Virgil.

179 3392 294 3441 relii.
1297 3396 1382 3443 63.
1414 3394 1655 3461 Porphyr.
1683 3396 1741 3445 in
1774 3398 1943 3445 Horat.
1973 3412 2118 3445 carm.
2145 3398 2171 3443 1
2184 3429 2201 3456 ,

247 3474 326 3533 57.
348 3478 402 3523 L.
432 3475 684 3541 Apuleius
707 3476 893 3525 Florid.
923 3474 1013 3525 lib.
1032 3478 1120 3525 IV.
1229 3476 1311 3525 od.
1337 3492 1420 3539 27.

245 3552 323 3601 58.
350 3558 522 3605 Julius
551 3556 866 3607 Rufinianus.
1299 3559 1382 3614 64.
1404 3556 1587 3623 Porph.
1603 3558 1757 3607 inlih.
1776 3560 1824 3617 1,
1844 3570 1931 3607 sat.
1949 3572 1975 3617 7
1995 3554 2204 3603 Horatii.

246 3632 326 3695 59.
355 3638 610 3686 Asconius
636 3636 898 3687 Paedianus
925 3635 982 3683 iu
1007 3635 1146 3685 Divi·
1291 3637 1382 3686 65:
1408 3642 1568 3688 Vetus
1586 3640 1743 3688 schol.
1768 3641 1823 3686 in
1841 3641 2021 3687 Juveu.
2042 3646 2129 3683 sat.
2153 3636 2205 3685 3.

183 3720 276 3759 nat.
303 3714 462 3766 Cicer.
1300 3719 1384 3766 66.
1411 3720 1648 3767 Priscian.
1674 3717 1761 3767 lib.
1782 3720 1855 3766 v1
1871 3736 1883 3763 τ
1896 3732 2053 3780 penus
2075 3732 2207 3781 quo-

250 3792 330 3840 60.
357 3798 620 3857 Donatus,
640 3796 698 3847 in
722 3797 1028 3847 Eunuchum
1051 3789 1149 3846 Tit-⁴¹
1226 3814 1326 3863 que
1367 3794 1443 3845 εἴ
1454 3797 1745 3856 masculini,
1780 3806 1827 3843 et
1860 3793 2121 3855 feminini,
2150 3802 2205 3841 et

187 3872 353 3932 rentii,
377 3888 469 3927 act.
488 3881 554 3938 V,
576 3895 648 3927 sc.
677 3894 725 3929 α.
1226 3880 1396 3926 neutri
1418 3879 1624 3943 generis.
1659 3906 1679 3940 χ

217 3950 744 4075 d61.Porphyrion,in
757 3960 928 4021 Horat.
942 3974 1090 4009 carm.
1106 3959 1148 4020 1,
1228 4032 1279 4082 di
1299 3958 1386 4018 67
1414 3958 1653 4009 Nonius:
1694 3956 1842 4008 Cordi
1874 3965 1971 4014 est,
1997 3954 2209 4006 honeste

187 4038 216 4072 ο
252 4062 265 4076 .
289 4046 333 4093 7.
1283 4044 1437 4081 ctum.
