2775 4619
667 515 672 520 .
853 491 858 498 .
915 437 1309 504 SATIRA
1375 441 1535 504 VL·
2118 445 2237 530 167

253 562 512 627 Infelix
547 563 768 651 pecori
797 585 812 626 ε
853 585 1116 628 securus
1153 580 1216 629 et
1251 564 1531 654 angulus
1568 564 1681 629 ille

249 674 520 760 Vicini,
548 695 780 743 nostro
807 680 963 766 quia
994 679 1340 769 pinguior:
1371 695 1439 743 et
1460 679 1513 743 si
1536 677 1705 744 adeo
1734 692 1961 768 omnes

253 793 604 858 Ditescant
639 794 770 858 orti
805 795 1142 883 pejoribus
1161 844 1178 878 ‚
1213 817 1423 882 usque
1454 817 1753 861 recusem
2162 803 2228 858 15

255 908 525 974 Curvus
549 910 640 973 ob
668 908 738 973 id
763 910 978 974 minui
1001 910 1182 974 senio
1199 957 1218 990 ‚
1245 926 1359 974 aut
1385 933 1643 976 coenare
1670 911 1813 976 sine
1838 925 2043 976 uncto
2058 958 2079 992 ,

253 1021 351 1086 Et
385 1023 651 1112 signum
688 1024 760 1086 in
790 1023 1027 1112 vapida
1062 1046 1220 1088 naso
1254 1024 1541 1113 tetigisse
1576 1024 1827 1114 lagena.

253 1136 609 1228 Discrepet
629 1139 732 1203 his
754 1139 937 1204 alius.
973 1139 1287 1206 Geminos
1307 1188 1328 1220 ,
1357 1140 1757 1230 horoscope,
1786 1163 1942 1206 varo

159 1357 273 1392 etc.
319 1341 392 1393 Et
431 1359 658 1394 securus
681 1377 698 1405 ,
733 1359 933 1412 parum
971 1359 1166 1394 curans

163 1420 322 1492 quid
337 1460 353 1487 ‚
372 1435 480 1474 etc.
495 1423 588 1474 Ait
607 1441 662 1474 se
678 1433 888 1476 tantum
903 1422 961 1474 in
979 1421 1165 1478 studio

165 1503 400 1569 virtutis
424 1504 747 1574 profecisse,
769 1516 832 1556 ut
856 1504 1168 1580 peratuseit

165 1581 246 1634 ad
271 1581 744 1654 congrediendum
765 1602 893 1636 cum
913 1585 1166 1649 fortuna,

171 1661 336 1733 quod
357 1661 426 1714 ad
457 1681 590 1734 opes
616 1663 867 1734 pertinet.
887 1664 1065 1736 Atque
1092 1664 1167 1716 ita

169 1739 418 1793 ostendit
443 1745 609 1813 quium
639 1743 848 1796 alienus
871 1742 940 1796 sit
965 1763 994 1795 a
1023 1741 1166 1795 divi-

170 1821 380 1873 tiarum
407 1821 738 1892 cupiditate,
761 1823 980 1877 avaritia
1005 1836 1060 1876 et
1081 1823 1165 1875 in-

167 1899 341 1954 vidid-
356 1933 428 1942 —-
440 1907 622 1952 Auster
635 1903 814 1969 infelix
823 1907 1009 1970 pecori.
1027 1906 1164 1958 Aus-

169 1994 265 2035 ter
289 1997 491 2036 ventus
519 1983 922 2052 meridionalis,
950 2005 1048 2038 suo
1077 2005 1164 2038 ca·

170 2059 297 2114 lore
307 2063 603 2134 pecoribus
611 2064 830 2132 noxius;
847 2065 1055 2138 quippe
1067 2063 1168 2137 qui

171 2141 256 2194 eis
303 2144 526 2196 morbos
569 2156 623 2196 et
671 2163 812 2216 saepe
863 2146 1164 2218 perniciem

171 2234 353 2288 creat3
373 2221 608 2296 ideoque
621 2261 638 2290 ‚
657 2223 763 2276 hoc
782 2223 906 2278 loco
925 2263 942 2290 ,
963 2223 1167 2278 dicitur

174 2303 390 2357 infelix.
419 2305 479 2359 C.

255 2384 340 2439 13.
371 2390 579 2436 Securus
601 2401 652 2436 et
672 2390 884 2454 angulus
903 2388 1016 2447 ille,
1043 2382 1162 2459 eta]

173 2459 452 2519 Invidiam
493 2484 522 2521 a
563 2484 618 2517 se
653 2466 848 2519 avertit
890 2485 1012 2537 quae
1054 2466 1168 2519 fere

175 2564 362 2599 comes
377 2565 492 2601 esse
503 2548 648 2599 solet
665 2548 807 2600 avari
814 2547 900 2599 tiae
912 2586 930 2614 ,
946 2560 1000 2600 et
1015 2555 1164 2601 πλεο-

172 2626 355 2689 νεξίας.
375 2628 624 2679 Lucilius
645 2647 657 2678 :
679 2628 822 2677 Nulli
836 2647 911 2677 me
935 2630 1164 2687 invidere,

175 2724 340 2771 neque
371 2710 654 2757 strabonem
677 2708 803 2776 fieri
834 2708 1010 2773 soepius
1045 2709 1168 2757 deli-

173 2786 263 2836 ciis
283 2806 361 2837 me
383 2789 612 2838 istorum.
641 2786 766 2839 Non
801 2806 936 2841 curo
963 2788 1131 2859 igitur
1149 2825 1166 2853 ,

175 2866 362 2936 inquit
383 2870 549 2937 poeta
567 2904 584 2929 ‚
607 2865 650 2915 si
677 2866 844 2918 vicini
871 2866 978 2918 mei
997 2886 1167 2939 angu-

175 2944 262 2997 lus
291 2958 484 3019 nostro
519 2944 680 3016 longe
709 2944 972 3019 pinguior
1001 2960 1080 3001 est
1111 2958 1166 2999 et

177 3024 443 3077 fertilior.
464 3025 529 3078 C.

251 3122 274 3157 1
285 3104 334 3157 5.
354 3108 618 3157 Dicescanc
631 3108 731 3155 orti
738 3108 1030 3175 pejoribus]
1043 3108 1166 3160 Non

176 3184 387 3241 invidia
410 3186 590 3238 solum
611 3204 768 3240 careo
790 3227 806 3251 ,
831 3187 1045 3259 inquit;
1072 3186 1170 3241 sed

175 3284 245 3317 nc
258 3268 422 3337 justae
444 3262 674 3337 quidem
696 3265 1088 3338 indignationis
1108 3282 1170 3319 ac

161 3348 492 3418 ‚veneo-‘tieem
535 3364 756 3400 sensum
805 3348 983 3401 habeo
1009 3386 1024 3406 ‚
1070 3350 1171 3402 etsi

175 3425 343 3479 ‘video
372 3422 620 3478 mandari
639 3426 876 3479 honores
894 3426 1132 3499 indignis
1151 3462 1168 3491 ,

177 3521 275 3561 aut
300 3507 671 3578 ignobilibus,
695 3508 972 3579 pejoribus
999 3510 1134 3562 ortis
1152 3546 1170 3571 ,

177 3586 455 3639 libertinis
467 3624 484 3651 ‚
507 3588 790 3659 equitibus
809 3590 1014 3641 Asianis
1027 3626 1042 3651 ‚
1061 3604 1168 3643 etc.

177 3673 420 3735 -Usque
437 3688 674 3730 recusem,
692 3685 780 3719 ete.
796 3671 865 3722 Et
881 3689 1172 3742 nunquam

176 3746 426 3800 adducar
452 3784 468 3811 ‚
507 3760 572 3800 ut
613 3747 863 3802 dolorem
902 3769 974 3803 ex.
1010 3770 1071 3803 ea
1107 3770 1169 3805 re

178 3828 365 3880 ullum
386 3828 598 3899 capiam
615 3868 632 3895 ,
651 3842 706 3882 et
723 3868 740 3893 ‚
769 3836 1000 3901 propter
1021 3828 1167 3885 divi-

177 3911 280 3963 tias
293 3908 678 3980 acquirendae,
690 3912 842 3963 senio
859 3912 1092 3965 minuar.
1108 3912 1167 3963 C.

260 3990 342 4039 16.
381 3992 459 4039 Ob
499 3991 592 4060 ἰώ]
635 3990 780 4063 Quia
818 3990 995 4061 quivis
1031 3992 1169 4045 alius

182 4066 357 4123 ditior
385 4086 474 4121 me
503 4080 597 4121 est.
616 4072 862 4120 -Minui
883 4073 1034 4123 senio.
1065 4070 1170 4125 He-

1245 1341 1434 1412 siodus
1457 1363 1471 1395 ε
1497 1339 1635 1415 Αἷψσ.
1660 1343 1754 1416 γὰρ
1784 1349 1831 1400 ἐν
1862 1346 2097 1403 κακότητι
2120 1347 2235 1418 βρο-

1246 1423 1323 1478 τοὶ
1365 1426 1821 1496 καταγηράσκουσι.
1874 1426 2017 1478 Nolo
2064 1427 2236 1498 igitur
2270 1459 2281 1474 s

1247 1504 1546 1556 senectutis
1566 1501 1913 1556 incommoda
1932 1504 2233 1558 accelerare

1246 1600 1348 1652 per
1365 1595 1643 1654 susceptos
1661 1583 1802 1634 lucri
1822 1586 1979 1634 causa
2000 1583 2231 1648 labores,

1245 1674 1301 1715 et
1326 1681 1439 1734 prae
1474 1662 1683 1716 invidia
1711 1664 1985 1734 meipsum
2017 1663 2230 1716 discru·
2309 1721 2313 1725 .

1243 1741 1408 1796 ciere.
1439 1741 1606 1802 Ovid.
1626 1745 1685 1805 I,
1707 1742 1777 1796 de
1805 1743 1969 1797 Pont.
1997 1744 2130 1815 eleg.
2164 1745 2193 1798 5
2216 1763 2231 1794 ε

1242 1851 1344 1905 Im
1359 1849 1497 1912 vigor
1511 1834 1536 1906 ,⁸
1544 1859 1592 1895 et
1602 1863 1783 1911 ‚quasso
1804 1849 2029 1912 languens
2052 1849 2102 1896 in
2125 1865 2232 1897 cor-

1367 1931 1483 1982 pore
1504 1920 1625 1966 vires

1246 2053 1483 2102 Confiteor
1502 2052 1653 2102 facere
1674 2054 1767 2100 hoc
1795 2067 1972 2107 annon
1996 2052 2079 2098 ned
2099 2062 2146 2098 et
2164 2051 2234 2099 al-

1372 2133 1470 2170 tera
1494 2139 1630 2171 causa
1652 2133 1721 2170 est
1734 2159 1749 2180 ,

1307 2195 1528 2242 Anxietas
1546 2195 1705 2251 enimi,
1722 2194 2063 2256 continuusque
2079 2195 2231 2242 labor.

1245 2296 1445 2345 -Sine
1472 2307 1633 2345 uncto.
1668 2292 1799 2346 Sine
1839 2292 2067 2345 lautitiis
2091 2312 2108 2360 ς
2142 2305 2196 2345 et
2214 2331 2233 2361 ,

1247 2394 1535 2430 avarorum
1562 2395 1715 2429 more
1732 2414 1749 2439 ‚
1767 2375 2020 2429 'oleribus
2046 2376 2194 2429 vesci
2215 2412 2233 2439 ,

1247 2468 1302 2509 et
1314 2455 1641 2509 defraudare
1652 2456 1895 2510 Genium
1908 2494 1926 2521 ‚
1946 2469 2009 2510 ut
2022 2456 2238 2510 divitias

1247 2536 1546 2589 heredibus
1588 2537 1951 2589 accumulem.
1969 2568 2041 2579 --
2058 2542 2237 2588 Uncto.

1247 2616 1319 2670 Et
1347 2615 1581 2671 delicato
1610 2618 1756 2671 cibo..
1788 2623 1845 2671 C.
1872 2630 1927 2670 et
1957 2618 2046 2687 P&

1323 2724 1409 2775 17.
1452 2709 1518 2755 Ec
1548 2707 1737 2772 sfgnum
1780 2708 1833 2755 in
1863 2690 2095 2771 vapida}
2116 2708 2233 2774 eta]

1247 2783 1362 2837 Nec
1390 2795 1682 2855 propterea
1716 2784 1901 2837 minus
1935 2784 2235 2837 liberaliter

1245 2866 1446 2937 opibus
1478 2865 1613 2917 meis
1640 2865 1825 2929 fruar,
1854 2884 1957 2917 nec
1991 2884 2238 2937 unquam

1248 2965 1441 2999 avarus
1471 2982 1488 3009 ‚
1532 2946 1703 2997 immo
1746 2943 2040 3009 sordidus,
2077 2944 2228 2998 flam.

1248 3050 1271 3080 ο
1298 3026 1521 3099 Duplex
1566 3038 1693 3077 nota
1718 3064 1733 3091 ,
1775 3026 1958 3097 inquit
2002 3026 2231 3079 Casaub.

1253 3132 1275 3155 ι
1297 3105 1784 3159 minutissimarum
1803 3105 2052 3158 sordium
2068 3124 2237 3178 quam

1255 3212 1278 3235 ιι
1300 3188 1390 3240 hic
1418 3198 1661 3239 recenset
1688 3208 1700 3235 ε
1726 3186 1881 3257 prior
1900 3222 1917 3249 ‚
1946 3183 2235 3257 obsignare

1253 3270 1511 3341 -lagenas
1550 3268 1609 3319 in
1650 3268 1853 3339 quibus
1890 3287 2002 3321 non
2036 3268 2233 3321 vinum

1250 3375 1278 3397 ι
1299 3350 1368 3401 sit
1385 3386 1402 3413 ‚
1426 3348 1522 3401 sed
1542 3366 1719 3419 vappa
1740 3367 1755 3411 ς
1778 3346 1837 3399 id
1866 3348 2016 3401 enim
2038 3360 2117 3399 est
2138 3367 2242 3397 va-

1251 3457 1277 3478 «
1292 3434 1420 3499 pida
1455 3434 1671 3497 lagena.-
1710 3427 1911 3481 deinde
1932 3466 1949 3492 ‚
1980 3431 2108 3481 cum
2147 3446 2236 3481 re-

1251 3536 1276 3559 ·
1299 3508 1575 3581 signandae
1622 3523 1752 3563 sunt
1782 3546 1799 3573 ,
1844 3521 1997 3561 tento
2050 3506 2239 3559 studio

1254 3616 1277 3638 ι
1301 3591 1583 3643 observare
1607 3608 1675 3641 an
1696 3590 1905 3659 integra
1924 3588 2032 3639 sint
2057 3585 2205 3657 signa
2222 3622 2241 3653 ,

1255 3696 1278 3719 α
1302 3685 1365 3724 ut
1392 3690 1522 3742 naso
1549 3671 1831 3741 contingat
1856 3669 2081 3739 lagenas.
2105 3690 2127 3712 n

1327 3753 1411 3803 18.
1442 3753 1719 3816 ·Discmpee
1770 3750 1843 3799 his
1898 3747 2067 3815 alima]
2118 3746 2237 3817 Ego

1251 3828 1475 3903 quidem
1498 3830 1573 3881 ita
1591 3829 1774 3882 vivere
1790 3826 1917 3879 volo
1938 3844 1949 3876 ε
1974 3826 2061 3878 alii
2084 3825 2242 3877 aliter

1249 3913 1463 3976 vivant,
1486 3909 1626 3962 nihil
1653 3906 2008 3973 contradico';
2036 3907 2080 3959 si
2116 3906 2241 3979 qui-

1249 3990 1376 4044 dem
1394 4029 1408 4053 ,
1449 3990 1906 4048 etc.——Geminos‚
1946 3990 2207 4053 horoscope
2221 4014 2258 4047 ,-

1249 4091 1386 4123 varo
1398 4072 1633 4139 producis
1652 4070 1827 4122 Genio.
1846 4067 1895 4121 Ο
1914 4068 2244 4139 horoscope,
