2775 4619
541 625 1121 718 SATIRAE
1197 622 1858 742 QUINTAE'

753 825 1606 895 ARGUMENTUM.

302 1040 686 1074 CORE'U'I'UH
723 1039 1024 1074 LAUnAus
1062 1041 1314 1075 Artax?
1351 1043 1757 1078 rxuunwtltA
1796 1045 2054 1082 Silvos-

239 1180 736 1240 Praestanfissimae
778 1181 958 1260 hujus
1001 1181 1192 1240 satirae
1235 1181 1369 1240 duae
1422 1197 1558 1242 sunt
1600 1198 1814 1262 partes·
1861 1189 1931 1246 In
1972 1189 2167 1267 priore
2185 1235 2203 1262 ‚

165 1307 298 1366 quae
333 1277 578 1345 alterius
613 1299 704 1346 est
730 1286 916 1345 veluti
955 1288 1342 1365 prooemium,
1371 1290 1587 1348 amoris
1624 1292 1717 1348 sui
1752 1294 1813 1350 in
1841 1295 2207 1368 Cornutum,

164 1403 590 1474 praeceptorem
613 1413 789 1452 suum
803 1441 819 1468 ‚
843 1393 1272 1454 vehementiam
1297 1395 1555 1474 primum
1585 1399 1841 1458 ostendit
1869 1401 1891 1478 (
1917 1423 1939 1458 1
1960 1435 2041 1484 ·.···
2057 1423 2131 1460 πο
2147 1399 2208 1482 );’

167 1503 380 1560 deinde
396 1501 761 1580 diligentiam
778 1501 939 1560 illius
956 1502 1017 1561 in
1037 1523 1098 1560 se
1119 1503 1429 1562 educando
1446 1549 1463 1577 ‚
1489 1524 1782 1584 suumque
1800 1507 2054 1566 vicissim
2076 1530 2212 1588 erga

165 1609 340 1666 illum
369 1627 636 1667 amorem
659 1620 1089 1666 commemorat
1121 1610 1228 1686 (31
1247 1641 1328 1654 —
1345 1609 1499 1687 52);
1532 1611 1789 1688 denique
1830 1612 2035 1670 laudes
2069 1616 2212 1672 Cor-

165 1717 295 1774 nuti
332 1728 396 1774 et
427 1716 613 1773 totius
645 1715 779 1773 vitae
817 1715 978 1772 illius
1016 1715 1448 1774 institutionem
1490 1717 1795 1796 subjungit
1818 1764 1835 1791 ‚
1865 1740 1930 1778 ac
1962 1722 2211 1798 juvenes

167 1822 468 1892 hortatur,
503 1834 574 1878 ut
618 1834 780 1881 tanto
808 1821 933 1880 viro
975 1821 1037 1880 in
1078 1821 1451 1900 disciplinam
1490 1842 1550 1881 se
1592 1823 1811 1883 dedant
1842 1825 2209 1904 (33—72).

166 1927 312 1986 Inde
335 1928 404 1984 fit
427 1928 706 1985 transitus
727 1927 802 1984 ad
821 1927 1207 2005 posteriorem
1226 1927 1413 1985 satirae
1431 1941 1676 2006 partem,
1690 1929 1781 1986 his
1801 1931 1993 1988 verbis
2014 1953 2027 1988 :
2051 1934 2215 1989 liber·
2245 1934 2257 1944 ’

169 2045 288 2090 tate
324 2055 472 2110 opus
509 2047 600 2090 est
635 2033 811 2110 (73).
851 2034 943 2092 Ibi
979 2034 1106 2092 fuse
1153 2045 1436 2092 tractatur
1470 2035 1808 2112 paradoxon
1846 2036 2215 2115 praecipuum

166 2127 492 2200 stoicorum
515 2183 532 2212 ,
575 2140 799 2198 scilicet
837 2162 852 2197 t
897 2159 1096 2198 omnes
1117 2185 1140 2213 ,
1171 2155 1405 2217 proeter
1442 2144 1763 2217 sapientem
1782 2184 1800 2212 ‚
1828 2161 2017 2200 ser-vos
2047 2163 2170 2200 esse
2187 2166 2213 2212 ,-

168 2249 462 2304 neminem
477 2290 498 2319 ,
535 2249 652 2303 nisi
683 2249 1004 2324 sapientem
1023 2290 1042 2319 ‚
1077 2249 1334 2306 liberum.
1373 2248 1637 2306 Primum
1668 2247 1744 2306 de
1772 2269 1907 2307 vera
1944 2223 2215 2308 libertate

163 2356 376 2434 agitur.
393 2354 536 2414 Scil.
551 2374 700 2412 vana
719 2356 1048 2413 caerimonia
1067 2399 1084 2426 ‚
1107 2374 1226 2413 non
1253 2376 1475 2414 meram
1494 2355 1825 2415 libertatem
1850 2357 1968 2415 dat.
1992 2360 2176 2415 Dama
2192 2401 2209 2429 ,

166 2460 350 2538 paulo
381 2473 518 2519 ante
549 2480 780 2532 servus,
811 2459 1125 2540 postquam
1159 2462 1319 2540 virga
1347 2463 1616 2520 Praetoris
1644 2484 1781 2521 eum
1809 2463 1871 2521 in
1899 2484 2219 2522 numerum

165 2567 386 2625 civium
415 2566 663 2624 adscivit
681 2610 696 2635 ‚
723 2568 789 2655 fit
819 2571 1094 2638 Marcus,
1127 2567 1191 2624 id
1215 2579 1303 2625 est
1319 2612 1336 2640 ,
1365 2571 1699 2627 Romanus:
1731 2589 1880 2627 anne
1904 2569 2039 2627 ideo
2066 2568 2218 2629 liber

165 2676 292 2732 est?
320 2661 596 2763 Minime²
624 2678 788 2733 Mera
814 2673 1054 2733 libertas
1082 2674 1206 2733 haec
1238 2687 1324 2733 est
1347 2698 1361 2731 ε
1478 2670 1487 2679 ’

456 2804 540 2857 Ne
568 2804 728 2857 liceat
757 2806 932 2858 facere
959 2804 1018 2857 id
1047 2804 1200 2878 quod
1231 2806 1354 2878 quis
1378 2806 1587 2860 vitiabit
1614 2805 1824 2880 agendo

164 2935 276 3011 (97
296 2933 344 3011 ).
379 2932 470 2991 Sit
495 2932 766 3011 modicus
782 2932 904 2991 voti
920 2972 939 3005 -‚
969 2932 1222 3011 simplici
1249 2952 1315 3016 ac
1345 2934 1559 3012 frugali
1583 2935 1700 2992 vita
1718 2979 1735 3007 ,
1765 2934 1957 2993 dulcis
1982 2934 2217 3006 amicis,

165 3040 239 3097 sit
265 3058 488 3118 parcus
507 3082 523 3109 ‚
556 3058 665 3096 nec
693 3058 931 3111 avarus;
963 3052 1094 3097 tum
1131 3043 1316 3097 Dama
1350 3038 1517 3099 liber.
1554 3044 1633 3099 At
1666 3044 1722 3098 si
1734 3044 2083 3117 pelliculam
2110 3062 2219 3099 ve·

165 3161 346 3204 terem
379 3149 622 3217 retinet,
653 3158 714 3202 et
743 3160 996 3203 astutam
1037 3150 1276 3223 vulpem
1319 3162 1512 3204 servat
1546 3149 1651 3204 sub
1685 3161 1957 3223 pectore,
1995 3148 2059 3207 id
2094 3160 2217 3223 est,

167 3256 216 3311 si
254 3253 474 3311 iisdem
493 3295 509 3323 ‚
542 3252 760 3329 quibus
801 3264 969 3310 antea
989 3295 1006 3323 ‚
1036 3253 1192 3311 vitiis
1235 3254 1485 3311 obrutus
1525 3266 1649 3326 est3
1679 3266 1807 3312 tum
1850 3257 2035 3313 Dama
2077 3255 2223 3313 civis

171 3360 367 3417 factus
415 3357 595 3416 etiam
643 3376 844 3416 servus
890 3370 997 3416 est.
1042 3359 1311 3437 Digitum
1355 3371 1555 3416 exerat
1581 3402 1599 3430 ,
1640 3371 1880 3438 peccat3
1919 3361 2090 3439 cujus
2125 3360 2222 3418 vel

168 3465 407 3523 minimi
436 3466 723 3523 momenti
747 3476 913 3522 actus
943 3476 1080 3522 sunt
1108 3477 1381 3543 peccata;
1414 3466 1694 3544 quoniam
1722 3486 1756 3525 e
1776 3466 2064 3537 vanitate,
2094 3485 2219 3524 non

171 3594 204 3631 e
222 3572 512 3651 sapientia
529 3584 728 3630 ortum
746 3584 988 3632 sumunt
1009 3572 1078 3649 (7
1090 3573 1121 3629 3
1137 3604 1217 3617 ——
1236 3574 1346 3629 123
1361 3573 1404 3650 ).
1425 3576 1577 3630 Vera
1595 3572 1832 3631 libertas
1854 3574 1916 3635 in
1934 3573 2217 3631 vitiorum

171 3680 315 3758 fuga
352 3679 622 3737 consistit
646 3700 661 3737 t
691 3679 854 3737 unde
880 3699 1002 3738 non
1038 3680 1234 3737 minus
1265 3678 1463 3738 servus
1492 3681 1596 3758 qui
1630 3681 1803 3739 servit
1830 3679 2081 3737 avaritiae
2110 3699 2218 3735 ur-

170 3788 365 3864 genti,
392 3786 578 3863 quam
602 3804 782 3863 quem
811 3798 1004 3843 metus
1031 3786 1150 3863 agit
1178 3785 1378 3843 herilis
1404 3786 1649 3863 (123——2
1670 3786 1849 3863 139);
1874 3784 2217 3842 noffminus

169 3894 351 3951 miser
372 3892 515 3970 qui,
541 3892 854 3951 immemor
876 3891 1006 3962 leti,
1034 3891 1282 3949 luxuriae
1307 3891 1679 3969 obsequitur,
1706 3903 1765 3949 et
1794 3890 2041 3948 fluctuat
2066 3890 2220 3948 inter

170 3999 419 4059 consilia
461 3999 718 4059 avaritiae
762 4012 832 4059 ut
865 3998 1066 4079 vigilet
1107 3999 1407 4059 suadentis
1438 4042 1456 4073 ,
1495 4010 1555 4057 et
1595 3997 1898 4056 illecebras
1943 3996 2218 4057 mollitiei
2266 3985 2271 3993 ’

1819 4112 1858 4177 8
