<?xml version="1.0" encoding="UTF-8"?>
<!DOCTYPE html PUBLIC "-//W3C//DTD XHTML 1.0 Transitional//EN"
    "http://www.w3.org/TR/xhtml1/DTD/xhtml1-transitional.dtd">
<html xmlns="http://www.w3.org/1999/xhtml" xml:lang="en" lang="en">
 <head>
  <title>
</title>
<meta http-equiv="Content-Type" content="text/html;charset=utf-8" />
  <meta name='ocr-system' content='tesseract 3.04.00' />
  <meta name='ocr-capabilities' content='ocr_page ocr_carea ocr_par ocr_line ocrx_word'/>
</head>
<body>
  <div class='ocr_page' id='page_1' title='image "aulipersiiflacc00achagoog_0325.png"; bbox 0 0 2775 4619; ppageno 0'>
   <div class='ocr_carea' id='block_1_1' title="bbox 634 311 2182 415">
    <p class='ocr_par' dir='ltr' id='par_1_1' title="bbox 634 311 2182 415">
     <span class='ocr_line' id='line_1_1' title="bbox 634 311 2182 415; baseline -0.002 -10"><span class='ocrx_word' id='word_1_1' title='bbox 634 311 769 415; x_wconf 73' lang='lat' dir='ltr'>Ex</span> <span class='ocrx_word' id='word_1_2' title='bbox 827 324 1133 403; x_wconf 66' lang='lat' dir='ltr'>Lumo</span> <span class='ocrx_word' id='word_1_3' title='bbox 1188 338 1331 403; x_wconf 76' lang='lat' dir='ltr'>xx</span> <span class='ocrx_word' id='word_1_4' title='bbox 1387 326 1708 403; x_wconf 74' lang='lat' dir='ltr'>&#39;SA-Tm.</span> <span class='ocrx_word' id='word_1_5' title='bbox 2062 335 2182 403; x_wconf 64' lang='lat'>231</span> 
     </span>
    </p>
   </div>
   <div class='ocr_carea' id='block_1_2' title="bbox 436 572 1963 712">
    <p class='ocr_par' dir='ltr' id='par_1_2' title="bbox 436 572 1963 712">
     <span class='ocr_line' id='line_1_2' title="bbox 436 572 1963 712; baseline -0.004 -27"><span class='ocrx_word' id='word_1_6' title='bbox 436 609 982 687; x_wconf 75' lang='lat' dir='ltr'>Ex.L1&#39;BRo</span> <span class='ocrx_word' id='word_1_7' title='bbox 1044 618 1201 683; x_wconf 83' lang='lat' dir='ltr'>xx</span> <span class='ocrx_word' id='word_1_8' title='bbox 1264 572 1963 712; x_wconf 69' lang='lat' dir='ltr'>sATIRARUM&#39;</span> 
     </span>
    </p>
   </div>
   <div class='ocr_carea' id='block_1_3' title="bbox 151 782 1950 1727">
    <p class='ocr_par' dir='ltr' id='par_1_3' title="bbox 1142 782 1190 837">
     <span class='ocr_line' id='line_1_3' title="bbox 1142 782 1190 837; baseline 0 0"><span class='ocrx_word' id='word_1_9' title='bbox 1142 782 1190 837; x_wconf 93' lang='lat'>1.</span> 
     </span>
    </p>

    <p class='ocr_par' dir='ltr' id='par_1_4' title="bbox 234 877 1787 1053">
     <span class='ocr_line' id='line_1_4' title="bbox 234 877 1696 959; baseline -0.002 -20"><span class='ocrx_word' id='word_1_10' title='bbox 234 879 560 939; x_wconf 83' lang='lat' dir='ltr'>Terricolas</span> <span class='ocrx_word' id='word_1_11' title='bbox 586 878 813 937; x_wconf 84' lang='lat' dir='ltr'>Lamias</span> <span class='ocrx_word' id='word_1_12' title='bbox 828 920 847 949; x_wconf 89' lang='lat'><strong>,</strong></span> <span class='ocrx_word' id='word_1_13' title='bbox 874 877 1061 935; x_wconf 85' lang='lat' dir='ltr'><strong>Fauni</strong></span> <span class='ocrx_word' id='word_1_14' title='bbox 1086 897 1235 955; x_wconf 86' lang='lat' dir='ltr'>quas</span> <span class='ocrx_word' id='word_1_15' title='bbox 1256 920 1271 948; x_wconf 91' lang='lat'><strong>‚</strong></span> <span class='ocrx_word' id='word_1_16' title='bbox 1299 877 1696 959; x_wconf 70' lang='lat' dir='ltr'>Pompiliique</span> 
     </span>
     <span class='ocr_line' id='line_1_5' title="bbox 234 974 1787 1053; baseline -0.003 -17"><span class='ocrx_word' id='word_1_17' title='bbox 234 979 550 1037; x_wconf 89' lang='lat' dir='ltr'>Instituere</span> <span class='ocrx_word' id='word_1_18' title='bbox 578 976 787 1035; x_wconf 83' lang='lat' dir='ltr'>Num&#39;ae</span> <span class='ocrx_word' id='word_1_19' title='bbox 808 1018 826 1047; x_wconf 82' lang='lat'>‚</span> <span class='ocrx_word' id='word_1_20' title='bbox 857 976 1054 1033; x_wconf 85' lang='lat' dir='ltr'>tremit</span> <span class='ocrx_word' id='word_1_21' title='bbox 1080 976 1185 1033; x_wconf 89' lang='lat' dir='ltr'>has</span> <span class='ocrx_word' id='word_1_22' title='bbox 1202 1020 1219 1047; x_wconf 91' lang='lat'><strong>‚</strong></span> <span class='ocrx_word' id='word_1_23' title='bbox 1246 974 1344 1033; x_wconf 86' lang='lat' dir='ltr'>hic</span> <span class='ocrx_word' id='word_1_24' title='bbox 1372 976 1569 1033; x_wconf 87' lang='lat' dir='ltr'>omnia</span> <span class='ocrx_word' id='word_1_25' title='bbox 1600 976 1787 1053; x_wconf 80' lang='lat' dir='ltr'>poni-t.</span> 
     </span>
    </p>

    <p class='ocr_par' dir='ltr' id='par_1_5' title="bbox 232 1072 1686 1153">
     <span class='ocr_line' id='line_1_6' title="bbox 232 1072 1686 1153; baseline -0.004 -18"><span class='ocrx_word' id='word_1_26' title='bbox 232 1080 317 1135; x_wconf 81' lang='lat' dir='ltr'>Ut</span> <span class='ocrx_word' id='word_1_27' title='bbox 339 1074 513 1153; x_wconf 91' lang='lat' dir='ltr'>pueri</span> <span class='ocrx_word' id='word_1_28' title='bbox 538 1074 785 1131; x_wconf 84' lang='lat' dir='ltr'>infantes</span> <span class='ocrx_word' id='word_1_29' title='bbox 810 1072 1061 1130; x_wconf 88' lang='lat' dir='ltr'>credunt</span> <span class='ocrx_word' id='word_1_30' title='bbox 1077 1074 1249 1151; x_wconf 33' lang='lat' dir='ltr'>„signa</span> <span class='ocrx_word' id='word_1_31' title='bbox 1276 1074 1472 1131; x_wconf 88' lang='lat' dir='ltr'>omnia</span> <span class='ocrx_word' id='word_1_32' title='bbox 1499 1076 1686 1130; x_wconf 89' lang='lat' dir='ltr'>ahena</span> 
     </span>
    </p>

    <p class='ocr_par' dir='ltr' id='par_1_6' title="bbox 232 1153 1751 1249">
     <span class='ocr_line' id='line_1_7' title="bbox 232 1153 1751 1249; baseline -0.003 -18"><span class='ocrx_word' id='word_1_33' title='bbox 232 1173 447 1231; x_wconf 82' lang='lat' dir='ltr'>Vivere</span> <span class='ocrx_word' id='word_1_34' title='bbox 464 1215 482 1243; x_wconf 85' lang='lat'><strong>,</strong></span> <span class='ocrx_word' id='word_1_35' title='bbox 514 1182 571 1228; x_wconf 88' lang='lat' dir='ltr'>et</span> <span class='ocrx_word' id='word_1_36' title='bbox 598 1189 720 1227; x_wconf 86' lang='lat' dir='ltr'>esse</span> <span class='ocrx_word' id='word_1_37' title='bbox 750 1168 1019 1241; x_wconf 73' lang='lat' dir='ltr'>homines</span> <span class='ocrx_word' id='word_1_38' title='bbox 1042 1193 1057 1227; x_wconf 72' lang='grc' dir='ltr'><strong><em>ε</em></strong></span> <span class='ocrx_word' id='word_1_39' title='bbox 1090 1183 1149 1228; x_wconf 88' lang='lat' dir='ltr'>et</span> <span class='ocrx_word' id='word_1_40' title='bbox 1172 1172 1252 1249; x_wconf 82' lang='lat' dir='ltr'>sic</span> <span class='ocrx_word' id='word_1_41' title='bbox 1275 1172 1371 1228; x_wconf 82' lang='lat' dir='ltr'>isti</span> <span class='ocrx_word' id='word_1_42' title='bbox 1399 1172 1592 1229; x_wconf 87' lang='lat' dir='ltr'>omnia</span> <span class='ocrx_word' id='word_1_43' title='bbox 1616 1153 1751 1249; x_wconf 73' lang='lat' dir='ltr'>ficta</span> 
     </span>
    </p>

    <p class='ocr_par' dir='ltr' id='par_1_7' title="bbox 208 1266 1741 1445">
     <span class='ocr_line' id='line_1_8' title="bbox 234 1266 1741 1346; baseline -0.003 -18"><span class='ocrx_word' id='word_1_44' title='bbox 234 1274 391 1328; x_wconf 86' lang='lat' dir='ltr'>&#39;Vera</span> <span class='ocrx_word' id='word_1_45' title='bbox 420 1280 632 1346; x_wconf 87' lang='lat' dir='ltr'>putant</span> <span class='ocrx_word' id='word_1_46' title='bbox 648 1312 665 1337; x_wconf 88' lang='lat'>‚</span> <span class='ocrx_word' id='word_1_47' title='bbox 696 1267 945 1325; x_wconf 78' lang='lat' dir='ltr'>credunt</span> <span class='ocrx_word' id='word_1_48' title='bbox 970 1268 1153 1345; x_wconf 85' lang='lat' dir='ltr'>signis</span> <span class='ocrx_word' id='word_1_49' title='bbox 1176 1288 1279 1327; x_wconf 89' lang='lat' dir='ltr'>cor</span> <span class='ocrx_word' id='word_1_50' title='bbox 1308 1268 1495 1327; x_wconf 87' lang='lat' dir='ltr'>inesse</span> <span class='ocrx_word' id='word_1_51' title='bbox 1518 1266 1741 1325; x_wconf 82' lang='lat' dir='ltr'>ahenis.</span> 
     </span>
     <span class='ocr_line' id='line_1_9' title="bbox 208 1363 1607 1445; baseline -0.001 -20"><span class='ocrx_word' id='word_1_52' title='bbox 208 1366 487 1445; x_wconf 65' lang='lat' dir='ltr'>‘Pergula</span> <span class='ocrx_word' id='word_1_53' title='bbox 514 1365 810 1443; x_wconf 85' lang='lat' dir='ltr'>pictorum</span> <span class='ocrx_word' id='word_1_54' title='bbox 826 1406 844 1435; x_wconf 91' lang='lat'><strong>,</strong></span> <span class='ocrx_word' id='word_1_55' title='bbox 868 1365 991 1422; x_wconf 89' lang='lat' dir='ltr'>veri</span> <span class='ocrx_word' id='word_1_56' title='bbox 1016 1363 1200 1436; x_wconf 90' lang='lat' dir='ltr'>nihil,</span> <span class='ocrx_word' id='word_1_57' title='bbox 1233 1365 1430 1423; x_wconf 90' lang='lat' dir='ltr'>omnia</span> <span class='ocrx_word' id='word_1_58' title='bbox 1457 1364 1607 1425; x_wconf 85' lang='lat' dir='ltr'>ficta.</span> 
     </span>
    </p>

    <p class='ocr_par' dir='ltr' id='par_1_8' title="bbox 151 1453 1221 1519">
     <span class='ocr_line' id='line_1_10' title="bbox 151 1453 1221 1519; baseline -0.003 2"><span class='ocrx_word' id='word_1_59' title='bbox 151 1453 154 1461; x_wconf 89' lang='lat'>&#39;</span> <span class='ocrx_word' id='word_1_60' title='bbox 1120 1464 1151 1518; x_wconf 90' lang='lat'>1</span> <span class='ocrx_word' id='word_1_61' title='bbox 1170 1465 1221 1519; x_wconf 91' lang='lat'>1.</span> 
     </span>
    </p>

    <p class='ocr_par' dir='ltr' id='par_1_9' title="bbox 236 1558 1950 1727">
     <span class='ocr_line' id='line_1_11' title="bbox 238 1558 1950 1641; baseline -0.002 -20"><span class='ocrx_word' id='word_1_62' title='bbox 238 1564 609 1638; x_wconf 84' lang='lat' dir='ltr'>Tempestate</span> <span class='ocrx_word' id='word_1_63' title='bbox 634 1578 737 1641; x_wconf 77' lang='lat' dir='ltr'>sua</span> <span class='ocrx_word' id='word_1_64' title='bbox 752 1603 770 1631; x_wconf 86' lang='lat'>‚</span> <span class='ocrx_word' id='word_1_65' title='bbox 796 1572 972 1637; x_wconf 90' lang='lat' dir='ltr'>atque</span> <span class='ocrx_word' id='word_1_66' title='bbox 1000 1558 1206 1617; x_wconf 88' lang='lat' dir='ltr'>eodem</span> <span class='ocrx_word' id='word_1_67' title='bbox 1237 1574 1359 1617; x_wconf 82' lang='lat' dir='ltr'>u&#39;no</span> <span class='ocrx_word' id='word_1_68' title='bbox 1384 1571 1648 1637; x_wconf 88' lang='lat' dir='ltr'>tempore</span> <span class='ocrx_word' id='word_1_69' title='bbox 1667 1604 1684 1631; x_wconf 93' lang='lat'>,</span> <span class='ocrx_word' id='word_1_70' title='bbox 1709 1573 1768 1618; x_wconf 88' lang='lat' dir='ltr'>et</span> <span class='ocrx_word' id='word_1_71' title='bbox 1789 1558 1950 1618; x_wconf 83' lang='lat' dir='ltr'>horae</span> 
     </span>
     <span class='ocr_line' id='line_1_12' title="bbox 236 1632 1665 1727; baseline -0.003 -9"><span class='ocrx_word' id='word_1_72' title='bbox 236 1658 506 1718; x_wconf 91' lang='lat' dir='ltr'>Dimidio</span> <span class='ocrx_word' id='word_1_73' title='bbox 524 1700 541 1727; x_wconf 92' lang='lat'>,</span> <span class='ocrx_word' id='word_1_74' title='bbox 572 1657 748 1715; x_wconf 87' lang='lat' dir='ltr'>tribu’</span> <span class='ocrx_word' id='word_1_75' title='bbox 778 1656 1058 1715; x_wconf 82' lang='lat' dir='ltr'>confectis</span> <span class='ocrx_word' id='word_1_76' title='bbox 1084 1654 1371 1715; x_wconf 82' lang='lat' dir='ltr'>duntaxat</span> <span class='ocrx_word' id='word_1_77' title='bbox 1397 1632 1665 1715; x_wconf 79' lang='lat' dir='ltr'>eamdem</span> 
     </span>
    </p>
   </div>
   <div class='ocr_carea' id='block_1_4' title="bbox 239 1760 1248 1893">
    <p class='ocr_par' dir='ltr' id='par_1_10' title="bbox 239 1760 1248 1893">
     <span class='ocr_line' id='line_1_13' title="bbox 239 1760 631 1835; baseline -0.01 -20"><span class='ocrx_word' id='word_1_78' title='bbox 239 1760 314 1815; x_wconf 89' lang='lat' dir='ltr'>Et</span> <span class='ocrx_word' id='word_1_79' title='bbox 339 1766 631 1835; x_wconf 85' lang='lat' dir='ltr'>quartam.</span> 
     </span>
     <span class='ocr_line' id='line_1_14' title="bbox 1010 1837 1248 1893; baseline 0.021 -5"><span class='ocrx_word' id='word_1_80' title='bbox 1010 1884 1019 1888; x_wconf 90' lang='lat'>-</span> <span class='ocrx_word' id='word_1_81' title='bbox 1101 1837 1131 1891; x_wconf 93' lang='grc' dir='ltr'>Ι</span> <span class='ocrx_word' id='word_1_82' title='bbox 1147 1838 1176 1891; x_wconf 94' lang='lat' dir='ltr'>I</span> <span class='ocrx_word' id='word_1_83' title='bbox 1198 1838 1248 1893; x_wconf 91' lang='grc' dir='ltr'>Ι.</span> 
     </span>
    </p>
   </div>
   <div class='ocr_carea' id='block_1_5' title="bbox 236 1930 1918 2117">
    <p class='ocr_par' dir='ltr' id='par_1_11' title="bbox 236 1930 1918 2117">
     <span class='ocr_line' id='line_1_15' title="bbox 236 1930 1918 2009; baseline -0.002 -18"><span class='ocrx_word' id='word_1_84' title='bbox 236 1932 632 1991; x_wconf 81' lang='lat' dir='ltr'>Palmentaria</span> <span class='ocrx_word' id='word_1_85' title='bbox 654 1944 723 1988; x_wconf 92' lang='lat' dir='ltr'>ut</span> <span class='ocrx_word' id='word_1_86' title='bbox 746 1930 987 2007; x_wconf 84' lang='lat' dir='ltr'>intybus</span> <span class='ocrx_word' id='word_1_87' title='bbox 1005 1974 1023 2003; x_wconf 87' lang='lat'>‚</span> <span class='ocrx_word' id='word_1_88' title='bbox 1049 1944 1154 1989; x_wconf 89' lang='lat' dir='ltr'>aut</span> <span class='ocrx_word' id='word_1_89' title='bbox 1179 1931 1377 2009; x_wconf 87' lang='lat' dir='ltr'>aliqua</span> <span class='ocrx_word' id='word_1_90' title='bbox 1405 1931 1467 1989; x_wconf 90' lang='lat' dir='ltr'>id</span> <span class='ocrx_word' id='word_1_91' title='bbox 1493 1950 1677 2009; x_wconf 85' lang='lat' dir='ltr'>genus</span> <span class='ocrx_word' id='word_1_92' title='bbox 1699 1930 1880 1987; x_wconf 86' lang='lat' dir='ltr'>herba</span> <span class='ocrx_word' id='word_1_93' title='bbox 1897 1974 1918 2003; x_wconf 90' lang='lat'>‚</span> 
     </span>
     <span class='ocr_line' id='line_1_16' title="bbox 238 2027 1875 2117; baseline -0.002 -28"><span class='ocrx_word' id='word_1_94' title='bbox 238 2034 313 2089; x_wconf 89' lang='lat' dir='ltr'>Et</span> <span class='ocrx_word' id='word_1_95' title='bbox 334 2032 439 2105; x_wconf 86' lang='lat' dir='ltr'>jus</span> <span class='ocrx_word' id='word_1_96' title='bbox 464 2048 784 2089; x_wconf 74' lang='lat' dir='ltr'>maenarum</span> <span class='ocrx_word' id='word_1_97' title='bbox 811 2028 959 2087; x_wconf 86' lang='lat' dir='ltr'>bene</span> <span class='ocrx_word' id='word_1_98' title='bbox 972 2028 1193 2117; x_wconf 62' lang='lat' dir='ltr'>habet,</span> <span class='ocrx_word' id='word_1_99' title='bbox 1222 2028 1326 2087; x_wconf 86' lang='lat' dir='ltr'>sed</span> <span class='ocrx_word' id='word_1_100' title='bbox 1349 2028 1588 2087; x_wconf 81' lang='lat' dir='ltr'>mictilis</span> <span class='ocrx_word' id='word_1_101' title='bbox 1605 2071 1622 2100; x_wconf 89' lang='lat'>,</span> <span class='ocrx_word' id='word_1_102' title='bbox 1650 2027 1764 2085; x_wconf 91' lang='lat' dir='ltr'>hoc</span> <span class='ocrx_word' id='word_1_103' title='bbox 1787 2040 1875 2086; x_wconf 87' lang='lat' dir='ltr'>est</span> 
     </span>
    </p>
   </div>
   <div class='ocr_carea' id='block_1_6' title="bbox 240 2133 1253 2265">
    <p class='ocr_par' dir='ltr' id='par_1_12' title="bbox 240 2133 1253 2265">
     <span class='ocr_line' id='line_1_17' title="bbox 240 2133 434 2187; baseline -0.01 0"><span class='ocrx_word' id='word_1_104' title='bbox 240 2133 434 2187; x_wconf 81' lang='lat' dir='ltr'>Merx.</span> 
     </span>
     <span class='ocr_line' id='line_1_18' title="bbox 1133 2209 1253 2265; baseline -0.017 0"><span class='ocrx_word' id='word_1_105' title='bbox 1133 2209 1163 2265; x_wconf 92' lang='lat'>1</span> <span class='ocrx_word' id='word_1_106' title='bbox 1180 2210 1253 2265; x_wconf 83' lang='lat' dir='ltr'>V.</span> 
     </span>
    </p>
   </div>
   <div class='ocr_carea' id='block_1_7' title="bbox 240 2286 1884 2777">
    <p class='ocr_par' dir='ltr' id='par_1_13' title="bbox 240 2286 1583 2482">
     <span class='ocr_line' id='line_1_19' title="bbox 243 2286 1541 2386; baseline -0.002 -21"><span class='ocrx_word' id='word_1_107' title='bbox 243 2286 542 2386; x_wconf 35' lang='lat' dir='ltr'>CalpurnI&#39;</span> <span class='ocrx_word' id='word_1_108' title='bbox 564 2325 771 2374; x_wconf 76' lang='lat' dir='ltr'>saevam</span> <span class='ocrx_word' id='word_1_109' title='bbox 798 2304 991 2384; x_wconf 83' lang='lat' dir='ltr'>legem</span> <span class='ocrx_word' id='word_1_110' title='bbox 1016 2304 1231 2364; x_wconf 86' lang='lat' dir='ltr'>Pisoni&#39;</span> <span class='ocrx_word' id='word_1_111' title='bbox 1257 2304 1541 2384; x_wconf 87' lang='lat' dir='ltr'>rependi,</span> 
     </span>
     <span class='ocr_line' id='line_1_20' title="bbox 240 2402 1583 2482; baseline -0.002 -20"><span class='ocrx_word' id='word_1_112' title='bbox 240 2404 559 2482; x_wconf 81' lang='lat' dir='ltr'>Eduxique</span> <span class='ocrx_word' id='word_1_113' title='bbox 586 2405 838 2462; x_wconf 88' lang='lat' dir='ltr'>animam</span> <span class='ocrx_word' id='word_1_114' title='bbox 854 2403 927 2481; x_wconf 85' lang='lat' dir='ltr'>¹in</span> <span class='ocrx_word' id='word_1_115' title='bbox 951 2402 1298 2482; x_wconf 88' lang='lat' dir='ltr'>primoribu’</span> <span class='ocrx_word' id='word_1_116' title='bbox 1323 2403 1583 2462; x_wconf 89' lang='lat' dir='ltr'>naribus.</span> 
     </span>
    </p>

    <p class='ocr_par' dir='ltr' id='par_1_14' title="bbox 240 2505 1884 2777">
     <span class='ocr_line' id='line_1_21' title="bbox 1144 2505 1217 2559; baseline -0.014 0"><span class='ocrx_word' id='word_1_117' title='bbox 1144 2505 1217 2559; x_wconf 89' lang='lat' dir='ltr'>V.</span> 
     </span>
     <span class='ocr_line' id='line_1_22' title="bbox 242 2597 1884 2678; baseline -0.002 -20"><span class='ocrx_word' id='word_1_118' title='bbox 242 2603 380 2658; x_wconf 87' lang='lat' dir='ltr'>Jam</span> <span class='ocrx_word' id='word_1_119' title='bbox 408 2599 805 2678; x_wconf 80' lang='lat' dir='ltr'>disrumpetur</span> <span class='ocrx_word' id='word_1_120' title='bbox 830 2597 1061 2656; x_wconf 87' lang='lat' dir='ltr'>medius</span> <span class='ocrx_word' id='word_1_121' title='bbox 1084 2641 1099 2668; x_wconf 92' lang='lat'><strong><em>‚</em></strong></span> <span class='ocrx_word' id='word_1_122' title='bbox 1123 2599 1245 2672; x_wconf 83' lang='lat' dir='ltr'>jam</span> <span class='ocrx_word' id='word_1_123' title='bbox 1276 2608 1345 2655; x_wconf 88' lang='lat' dir='ltr'>ut</span> <span class='ocrx_word' id='word_1_124' title='bbox 1366 2599 1583 2655; x_wconf 87' lang='lat' dir='ltr'>Marsu’</span> <span class='ocrx_word' id='word_1_125' title='bbox 1607 2597 1884 2656; x_wconf 81' lang='lat' dir='ltr'>colubras</span> 
     </span>
     <span class='ocr_line' id='line_1_23' title="bbox 240 2695 1815 2777; baseline -0.003 -21"><span class='ocrx_word' id='word_1_126' title='bbox 240 2697 576 2777; x_wconf 88' lang='lat' dir='ltr'>Disrumpit</span> <span class='ocrx_word' id='word_1_127' title='bbox 603 2699 815 2767; x_wconf 51' lang='lat' dir='ltr'>cantu.</span> <span class='ocrx_word' id='word_1_128' title='bbox 843 2716 1018 2755; x_wconf 87' lang='lat' dir='ltr'>venas</span> <span class='ocrx_word' id='word_1_129' title='bbox 1047 2697 1186 2752; x_wconf 79' lang='lat' dir='ltr'>eum</span> <span class='ocrx_word' id='word_1_130' title='bbox 1212 2695 1544 2752; x_wconf 81' lang='lat' dir='ltr'>extenderit</span> <span class='ocrx_word' id='word_1_131' title='bbox 1570 2695 1815 2754; x_wconf 82' lang='lat' dir='ltr'>omn&#39;eis.</span> 
     </span>
    </p>
   </div>
   <div class='ocr_carea' id='block_1_8' title="bbox 242 2795 1748 3128">
    <p class='ocr_par' dir='ltr' id='par_1_15' title="bbox 242 2795 1748 3050">
     <span class='ocr_line' id='line_1_24' title="bbox 1074 2795 1239 2850; baseline -0.006 0"><span class='ocrx_word' id='word_1_132' title='bbox 1074 2806 1081 2812; x_wconf 83' lang='grc'><strong><em>’</em></strong></span> <span class='ocrx_word' id='word_1_133' title='bbox 1115 2795 1171 2850; x_wconf 91' lang='lat' dir='ltr'><strong>V</strong></span> <span class='ocrx_word' id='word_1_134' title='bbox 1190 2796 1239 2850; x_wconf 94' lang='lat' dir='ltr'>I.</span> 
     </span>
     <span class='ocr_line' id='line_1_25' title="bbox 242 2855 1748 2970; baseline 0.001 -19"><span class='ocrx_word' id='word_1_135' title='bbox 242 2855 518 2964; x_wconf 76' lang='lat' dir='ltr'>Illuvie8‚</span> <span class='ocrx_word' id='word_1_136' title='bbox 545 2891 765 2952; x_wconf 79' lang='lat' dir='ltr'>scabies</span> <span class='ocrx_word' id='word_1_137' title='bbox 790 2892 994 2951; x_wconf 87' lang='lat' dir='ltr'>oculos</span> <span class='ocrx_word' id='word_1_138' title='bbox 1021 2891 1161 2950; x_wconf 87' lang='lat' dir='ltr'>huic</span> <span class='ocrx_word' id='word_1_139' title='bbox 1178 2935 1195 2962; x_wconf 82' lang='lat'>,</span> <span class='ocrx_word' id='word_1_140' title='bbox 1223 2891 1480 2970; x_wconf 89' lang='lat' dir='ltr'>deinque</span> <span class='ocrx_word' id='word_1_141' title='bbox 1503 2891 1701 2970; x_wconf 80' lang='lat' dir='ltr'>petigo</span> <span class='ocrx_word' id='word_1_142' title='bbox 1745 2937 1748 2953; x_wconf 83' lang='grc'><em>,</em></span> 
     </span>
     <span class='ocr_line' id='line_1_26' title="bbox 245 2989 1440 3050; baseline -0.003 -1"><span class='ocrx_word' id='word_1_143' title='bbox 245 2989 675 3050; x_wconf 77' lang='lat' dir='ltr'>Conscendere.</span> <span class='ocrx_word' id='word_1_144' title='bbox 1437 2994 1440 3000; x_wconf 88' lang='lat'>&#39;</span> 
     </span>
    </p>

    <p class='ocr_par' dir='ltr' id='par_1_16' title="bbox 1103 3071 1274 3128">
     <span class='ocr_line' id='line_1_27' title="bbox 1103 3071 1274 3128; baseline 0.006 -2"><span class='ocrx_word' id='word_1_145' title='bbox 1103 3073 1158 3126; x_wconf 89' lang='lat' dir='ltr'><strong>V</strong></span> <span class='ocrx_word' id='word_1_146' title='bbox 1170 3073 1202 3127; x_wconf 93' lang='lat'>·1</span> <span class='ocrx_word' id='word_1_147' title='bbox 1222 3071 1274 3128; x_wconf 88' lang='lat'>1.</span> 
     </span>
    </p>
   </div>
   <div class='ocr_carea' id='block_1_9' title="bbox 242 3165 1858 3246">
    <p class='ocr_par' dir='ltr' id='par_1_17' title="bbox 242 3165 1858 3246">
     <span class='ocr_line' id='line_1_28' title="bbox 242 3165 1858 3246; baseline -0.002 -18"><span class='ocrx_word' id='word_1_148' title='bbox 242 3165 815 3246; x_wconf 75' lang='lat' dir='ltr'>Nugatur-quidam3</span> <span class='ocrx_word' id='word_1_149' title='bbox 846 3187 915 3225; x_wconf 88' lang='lat' dir='ltr'>ac</span> <span class='ocrx_word' id='word_1_150' title='bbox 939 3167 1159 3227; x_wconf 88' lang='lat' dir='ltr'>nebulo</span> <span class='ocrx_word' id='word_1_151' title='bbox 1177 3211 1194 3240; x_wconf 90' lang='lat'>,</span> <span class='ocrx_word' id='word_1_152' title='bbox 1224 3167 1299 3226; x_wconf 87' lang='lat' dir='ltr'>sit</span> <span class='ocrx_word' id='word_1_153' title='bbox 1331 3166 1616 3226; x_wconf 84' lang='lat' dir='ltr'>maximu&#39;</span> <span class='ocrx_word' id='word_1_154' title='bbox 1647 3165 1858 3242; x_wconf 83' lang='lat' dir='ltr'>multo.</span> 
     </span>
    </p>
   </div>
   <div class='ocr_carea' id='block_1_10' title="bbox 168 3341 2218 4050">
    <p class='ocr_par' dir='ltr' id='par_1_18' title="bbox 242 3341 2208 3416">
     <span class='ocr_line' id='line_1_29' title="bbox 242 3341 2208 3416; baseline -0.002 -20"><span class='ocrx_word' id='word_1_155' title='bbox 242 3365 293 3396; x_wconf 74' lang='grc' dir='ltr'>ι.</span> <span class='ocrx_word' id='word_1_156' title='bbox 323 3345 646 3406; x_wconf 83' lang='lat' dir='ltr'>Lactantius,</span> <span class='ocrx_word' id='word_1_157' title='bbox 670 3346 761 3394; x_wconf 89' lang='lat' dir='ltr'>lib.</span> <span class='ocrx_word' id='word_1_158' title='bbox 781 3350 835 3404; x_wconf 94' lang='lat'>1,</span> <span class='ocrx_word' id='word_1_159' title='bbox 858 3361 967 3416; x_wconf 78' lang='lat' dir='ltr'>cap.</span> <span class='ocrx_word' id='word_1_160' title='bbox 992 3362 1077 3396; x_wconf 77' lang='lat'>22.</span> <span class='ocrx_word' id='word_1_161' title='bbox 1302 3355 1353 3403; x_wconf 79' lang='grc'>4.</span> <span class='ocrx_word' id='word_1_162' title='bbox 1395 3347 1596 3395; x_wconf 84' lang='lat' dir='ltr'>Nonius</span> <span class='ocrx_word' id='word_1_163' title='bbox 1625 3365 1638 3396; x_wconf 71' lang='grc' dir='ltr'><strong><em>ε</em></strong></span> <span class='ocrx_word' id='word_1_164' title='bbox 1672 3348 1860 3396; x_wconf 83' lang='lat' dir='ltr'>Priores</span> <span class='ocrx_word' id='word_1_165' title='bbox 1895 3357 1944 3396; x_wconf 77' lang='lat' dir='ltr'>et</span> <span class='ocrx_word' id='word_1_166' title='bbox 1971 3341 2208 3412; x_wconf 63' lang='lat' dir='ltr'>primores</span> 
     </span>
    </p>

    <p class='ocr_par' dir='ltr' id='par_1_19' title="bbox 168 3425 2212 3810">
     <span class='ocr_line' id='line_1_30' title="bbox 239 3425 2210 3490; baseline 0 -16"><span class='ocrx_word' id='word_1_167' title='bbox 239 3443 291 3475; x_wconf 75' lang='lat'>2.</span> <span class='ocrx_word' id='word_1_168' title='bbox 323 3427 389 3474; x_wconf 80' lang='lat' dir='ltr'>A.</span> <span class='ocrx_word' id='word_1_169' title='bbox 422 3425 643 3485; x_wconf 81' lang='lat' dir='ltr'>Gellius,</span> <span class='ocrx_word' id='word_1_170' title='bbox 670 3426 759 3473; x_wconf 87' lang='lat' dir='ltr'>lib.</span> <span class='ocrx_word' id='word_1_171' title='bbox 786 3429 887 3484; x_wconf 90' lang='grc' dir='ltr'>ΙΠ,</span> <span class='ocrx_word' id='word_1_172' title='bbox 913 3443 1020 3490; x_wconf 84' lang='lat' dir='ltr'>cap.</span> <span class='ocrx_word' id='word_1_173' title='bbox 1058 3434 1150 3484; x_wconf 72' lang='lat'>14:</span> <span class='ocrx_word' id='word_1_174' title='bbox 1228 3427 1359 3474; x_wconf 85' lang='lat' dir='ltr'>hanc</span> <span class='ocrx_word' id='word_1_175' title='bbox 1397 3426 1583 3475; x_wconf 85' lang='lat' dir='ltr'>habent</span> <span class='ocrx_word' id='word_1_176' title='bbox 1629 3427 1981 3476; x_wconf 81' lang='lat' dir='ltr'>diversitatem.</span> <span class='ocrx_word' id='word_1_177' title='bbox 2022 3427 2210 3474; x_wconf 77' lang='lat' dir='ltr'>Priores</span> 
     </span>
     <span class='ocr_line' id='line_1_31' title="bbox 168 3491 2209 3573; baseline -0.001 -17"><span class='ocrx_word' id='word_1_178' title='bbox 168 3507 278 3556; x_wconf 82' lang='lat' dir='ltr'>Jam</span> <span class='ocrx_word' id='word_1_179' title='bbox 290 3491 351 3554; x_wconf 73' lang='lat' dir='ltr'>in</span> <span class='ocrx_word' id='word_1_180' title='bbox 364 3505 601 3554; x_wconf 85' lang='lat' dir='ltr'>vicesimo</span> <span class='ocrx_word' id='word_1_181' title='bbox 615 3506 911 3555; x_wconf 84' lang='lat' dir='ltr'>manifestus</span> <span class='ocrx_word' id='word_1_182' title='bbox 925 3502 1152 3555; x_wconf 75' lang='lat' dir='ltr'>Lucilius</span> <span class='ocrx_word' id='word_1_183' title='bbox 1232 3508 1369 3556; x_wconf 85' lang='lat' dir='ltr'>enim</span> <span class='ocrx_word' id='word_1_184' title='bbox 1389 3510 1713 3573; x_wconf 85' lang='lat' dir='ltr'>comparativi</span> <span class='ocrx_word' id='word_1_185' title='bbox 1733 3520 1852 3558; x_wconf 88' lang='lat' dir='ltr'>sunt</span> <span class='ocrx_word' id='word_1_186' title='bbox 1871 3507 2048 3573; x_wconf 82' lang='lat' dir='ltr'>gradus</span> <span class='ocrx_word' id='word_1_187' title='bbox 2063 3524 2078 3566; x_wconf 90' lang='lat'>;</span> <span class='ocrx_word' id='word_1_188' title='bbox 2093 3507 2209 3570; x_wconf 75' lang='lat' dir='ltr'>pri-</span> 
     </span>
     <span class='ocr_line' id='line_1_32' title="bbox 168 3583 2008 3654; baseline 0 -22"><span class='ocrx_word' id='word_1_189' title='bbox 168 3585 428 3634; x_wconf 70' lang='lat' dir='ltr'>diaenidiam</span> <span class='ocrx_word' id='word_1_190' title='bbox 451 3583 620 3632; x_wconf 78' lang='lat' dir='ltr'>horam</span> <span class='ocrx_word' id='word_1_191' title='bbox 648 3587 810 3634; x_wconf 82' lang='lat' dir='ltr'>dicere</span> <span class='ocrx_word' id='word_1_192' title='bbox 829 3584 1053 3633; x_wconf 83' lang='lat' dir='ltr'>studiose</span> <span class='ocrx_word' id='word_1_193' title='bbox 1072 3585 1153 3632; x_wconf 86' lang='lat' dir='ltr'>fu·</span> <span class='ocrx_word' id='word_1_194' title='bbox 1232 3603 1417 3643; x_wconf 80' lang='lat' dir='ltr'>mores,</span> <span class='ocrx_word' id='word_1_195' title='bbox 1444 3605 1652 3636; x_wconf 85' lang='lat' dir='ltr'>summae</span> <span class='ocrx_word' id='word_1_196' title='bbox 1679 3604 1893 3654; x_wconf 84' lang='lat' dir='ltr'>qnaeque</span> <span class='ocrx_word' id='word_1_197' title='bbox 1914 3603 2008 3634; x_wconf 73' lang='lat' dir='ltr'>reS.</span> 
     </span>
     <span class='ocr_line' id='line_1_33' title="bbox 169 3663 2212 3730; baseline -0 -17"><span class='ocrx_word' id='word_1_198' title='bbox 169 3667 269 3729; x_wconf 82' lang='lat' dir='ltr'>git:</span> <span class='ocrx_word' id='word_1_199' title='bbox 293 3665 383 3713; x_wconf 82' lang='lat' dir='ltr'>sed</span> <span class='ocrx_word' id='word_1_200' title='bbox 398 3698 412 3723; x_wconf 90' lang='lat'><strong>,</strong></span> <span class='ocrx_word' id='word_1_201' title='bbox 427 3681 522 3728; x_wconf 90' lang='lat' dir='ltr'>pro</span> <span class='ocrx_word' id='word_1_202' title='bbox 541 3665 774 3723; x_wconf 73' lang='lat' dir='ltr'>dimidia,</span> <span class='ocrx_word' id='word_1_203' title='bbox 796 3664 1048 3714; x_wconf 82' lang='lat' dir='ltr'>dimidium</span> <span class='ocrx_word' id='word_1_204' title='bbox 1060 3681 1153 3730; x_wconf 89' lang='lat' dir='ltr'>po·</span> <span class='ocrx_word' id='word_1_205' title='bbox 1306 3667 1354 3714; x_wconf 86' lang='lat'>5.</span> <span class='ocrx_word' id='word_1_206' title='bbox 1382 3669 1583 3716; x_wconf 86' lang='lat' dir='ltr'>Nonius</span> <span class='ocrx_word' id='word_1_207' title='bbox 1605 3686 1616 3716; x_wconf 90' lang='lat'><strong>:</strong></span> <span class='ocrx_word' id='word_1_208' title='bbox 1649 3668 1886 3722; x_wconf 82' lang='lat' dir='ltr'>Colubra,</span> <span class='ocrx_word' id='word_1_209' title='bbox 1914 3663 2110 3729; x_wconf 78' lang='lat' dir='ltr'>generis</span> <span class='ocrx_word' id='word_1_210' title='bbox 2139 3664 2212 3712; x_wconf 82' lang='lat' dir='ltr'>fe·</span> 
     </span>
     <span class='ocr_line' id='line_1_34' title="bbox 168 3742 1435 3810; baseline 0.002 -18"><span class='ocrx_word' id='word_1_211' title='bbox 168 3747 245 3792; x_wconf 84' lang='lat' dir='ltr'>nit</span> <span class='ocrx_word' id='word_1_212' title='bbox 266 3746 325 3793; x_wconf 90' lang='lat' dir='ltr'>in</span> <span class='ocrx_word' id='word_1_213' title='bbox 350 3745 433 3792; x_wconf 83' lang='lat' dir='ltr'>his</span> <span class='ocrx_word' id='word_1_214' title='bbox 460 3761 588 3794; x_wconf 84' lang='lat' dir='ltr'>vers.</span> <span class='ocrx_word' id='word_1_215' title='bbox 618 3757 894 3810; x_wconf 79' lang='lat' dir='ltr'>tempestate</span> <span class='ocrx_word' id='word_1_216' title='bbox 916 3742 1007 3793; x_wconf 75' lang='grc' dir='ltr'>ειιᾶ</span> <span class='ocrx_word' id='word_1_217' title='bbox 1018 3781 1036 3803; x_wconf 87' lang='grc'><strong><em>,</em></strong></span> <span class='ocrx_word' id='word_1_218' title='bbox 1062 3757 1153 3793; x_wconf 82' lang='lat' dir='ltr'>etc.</span> <span class='ocrx_word' id='word_1_219' title='bbox 1233 3747 1435 3795; x_wconf 84' lang='lat' dir='ltr'>minini.</span> 
     </span>
    </p>

    <p class='ocr_par' dir='ltr' id='par_1_20' title="bbox 169 3823 2218 4050">
     <span class='ocr_line' id='line_1_35' title="bbox 240 3823 2209 3891; baseline 0 -17"><span class='ocrx_word' id='word_1_220' title='bbox 240 3827 292 3874; x_wconf 82' lang='lat'>3.</span> <span class='ocrx_word' id='word_1_221' title='bbox 328 3823 530 3872; x_wconf 80' lang='lat' dir='ltr'>Nonius</span> <span class='ocrx_word' id='word_1_222' title='bbox 547 3843 559 3873; x_wconf 73' lang='grc' dir='ltr'><strong><em>ε</em></strong></span> <span class='ocrx_word' id='word_1_223' title='bbox 587 3826 782 3874; x_wconf 77' lang='lat' dir='ltr'>Mictilis</span> <span class='ocrx_word' id='word_1_224' title='bbox 798 3861 817 3884; x_wconf 88' lang='lat'><strong><em>,</em></strong></span> <span class='ocrx_word' id='word_1_225' title='bbox 852 3827 1156 3891; x_wconf 84' lang='lat' dir='ltr'>paupercula</span> <span class='ocrx_word' id='word_1_226' title='bbox 1306 3829 1357 3877; x_wconf 87' lang='grc'>6.</span> <span class='ocrx_word' id='word_1_227' title='bbox 1373 3829 1597 3878; x_wconf 86' lang='lat' dir='ltr'>Nonius:</span> <span class='ocrx_word' id='word_1_228' title='bbox 1613 3827 1822 3882; x_wconf 81' lang='lat' dir='ltr'>Illuvies‚</span> <span class='ocrx_word' id='word_1_229' title='bbox 1839 3825 2028 3874; x_wconf 80' lang='lat' dir='ltr'>sordes.</span> <span class='ocrx_word' id='word_1_230' title='bbox 2045 3826 2209 3890; x_wconf 76' lang='lat' dir='ltr'>Idem:</span> 
     </span>
     <span class='ocr_line' id='line_1_36' title="bbox 169 3891 2056 3980; baseline -0.001 -28"><span class='ocrx_word' id='word_1_231' title='bbox 169 3903 526 3970; x_wconf 80' lang='lat' dir='ltr'>pulmentaria.</span> <span class='ocrx_word' id='word_1_232' title='bbox 562 3906 700 3954; x_wconf 87' lang='lat' dir='ltr'>Idem</span> <span class='ocrx_word' id='word_1_233' title='bbox 729 3923 741 3956; x_wconf 73' lang='lat' dir='ltr'>t</span> <span class='ocrx_word' id='word_1_234' title='bbox 780 3905 987 3968; x_wconf 75' lang='lat' dir='ltr'>Jntybus</span> <span class='ocrx_word' id='word_1_235' title='bbox 1012 3942 1029 3967; x_wconf 88' lang='lat'><em>,</em></span> <span class='ocrx_word' id='word_1_236' title='bbox 1066 3923 1157 3980; x_wconf 76' lang='lat' dir='ltr'>ge·</span> <span class='ocrx_word' id='word_1_237' title='bbox 1238 3908 1441 3972; x_wconf 75' lang='lat' dir='ltr'>Petigo‚</span> <span class='ocrx_word' id='word_1_238' title='bbox 1473 3923 1632 3970; x_wconf 82' lang='lat' dir='ltr'>genus</span> <span class='ocrx_word' id='word_1_239' title='bbox 1660 3905 1840 3953; x_wconf 86' lang='lat' dir='ltr'>morbi.</span> <span class='ocrx_word' id='word_1_240' title='bbox 2049 3891 2056 3898; x_wconf 51' lang='lat'>¹</span> 
     </span>
     <span class='ocr_line' id='line_1_37' title="bbox 170 3973 2218 4050; baseline 0.001 -18"><span class='ocrx_word' id='word_1_241' title='bbox 170 3986 305 4034; x_wconf 84' lang='lat' dir='ltr'>neris</span> <span class='ocrx_word' id='word_1_242' title='bbox 338 3984 623 4036; x_wconf 77' lang='lat' dir='ltr'>masculini.</span> <span class='ocrx_word' id='word_1_243' title='bbox 874 3973 897 3980; x_wconf 58' lang='lat'><strong><em>„</em></strong></span> <span class='ocrx_word' id='word_1_244' title='bbox 1024 3975 1032 3980; x_wconf 57' lang='grc'><em>“</em></span> <span class='ocrx_word' id='word_1_245' title='bbox 1310 4004 1336 4050; x_wconf 80' lang='lat'><em>7</em></span> <span class='ocrx_word' id='word_1_246' title='bbox 1349 4023 1359 4035; x_wconf 91' lang='lat'>.</span> <span class='ocrx_word' id='word_1_247' title='bbox 1380 3980 1578 4039; x_wconf 80' lang='lat' dir='ltr'>Nonius</span> <span class='ocrx_word' id='word_1_248' title='bbox 1595 4003 1608 4034; x_wconf 74' lang='grc' dir='ltr'><strong>ε</strong></span> <span class='ocrx_word' id='word_1_249' title='bbox 1627 3986 1900 4038; x_wconf 78' lang='lat' dir='ltr'>Nebulones</span> <span class='ocrx_word' id='word_1_250' title='bbox 1918 3997 1969 4038; x_wconf 83' lang='lat' dir='ltr'>et</span> <span class='ocrx_word' id='word_1_251' title='bbox 1982 3973 2218 4042; x_wconf 68' lang='lat' dir='ltr'>tenebrio-</span> 
     </span>
    </p>
   </div>
  </div>
 </body>
</html>
