2775 4619
577 403 666 494 πῄ]
913 465 924 478 ,
1263 385 1911 488 ,ΡΒΑΕῈΑΤΜ

579 559 748 620 tum
789 548 1166 645 praecipue
1184 547 1449 630 Persii.
1490 549 1875 620 Postrema
1916 544 2249 644 denique
2284 566 2513 618 causa
2548 531 2653 616 in:

570 678 1166 778 interpretibus:
1191 703 1456 752 omnes
1484 703 1783 778 nempe,
1802 681 1867 752 si
1882 677 2350 776 Turnehum,
2378 679 2529 776 qui·
2550 679 2641 750 in

571 811 962 911 ,integrum
987 782 1292 910 poetam
1309 837 1480 904 ‚non
1508 825 2059 889 commentatus
2087 825 2199 884 est
2215 865 2237 900 ‚
2272 783 2637 908 excipias,

579 967 722 1016 nec
755 944 1096 1016 Persium
1137 944 1446 1044 penitus
1482 941 2019 1016 intellexerunt
2039 999 2062 1034 ,
2095 966 2235 1014 nec
2275 955 2477 1014 recte
2512 966 2642 1013 ex-

575 1076 1076 1176 plicaverunt.
1115 1078 1594 1164 Britannicus
1637 1101 1801 1148 non
1849 1078 2125 1159 usitato
2167 1072 2306 1148 suo
2338 1073 2638 1173 judicio

571 1236 760 1292 ,usus
788 1225 924 1285 est.
959 1212 1367 1286 Murmellii
1398 1212 1791 1312 ecphrases
1813 1213 1938 1285 vix
1966 1209 2372 1284 tolerandae
2401 1225 2629 1282 sunt:

577 1342 848 1437 Plautii
880 1359 956 1418 et
981 1344 1190 1420 Badii
1219 1348 1550 1440 Ascensii
1578 1343 2067 1445 paraphrases
2096 1344 2420 1416 insulsae.
2449 1346 2634 1416 Non

571 1471 852 1572 loquor
908 1475 1003 1552 de
1059 1476 1563 1560 ,versionibus
1606 1479 1689 1549 in
1758 1469 2050 1582 linguas
2118 1475 2625 1580 recentiores:

573 1621 871 1692 ,cunctae
916 1611 1122 1682 enim
1164 1612 1503 1683 Persium
1546 1612 1873 1712 turpiter
1922 1610 2108 1684 adeo
2156 1607 2585 1706 deformant
2602 1662 2629 1698 ‚

573 1755 670 1822 ,ut
695 1741 803 1814 ihi
819 1743 946 1817 vix
972 1768 1127 1815 una
1143 1745 1370 1816 satira
1400 1741 1602 1830 lectu
1634 1743 1862 1846 digua
1874 1743 2248 1816 videatur.
2274 1747 2633 1840 Superest

575 1876 810 1974 igitur
852 1877 1279 1966 Casauboni
1318 1880 1931 1965 commentarius.
1976 1875 2251 1952 Nullus
2296 1899 2477 1976 san-e
2500 1929 2529 1964 ,
2563 1873 2630 1946 si

573 2021 868 2090 ‚tantam
902 2009 1417 2083 eruditionem
1450 2008 1739 2083 ferrent
1768 2010 2017 2084 adhuc
2062 2033 2309 2086 mores
2340 2009 2579 2080 nostri
2600 2049 2623 2094 ,·

574 2139 846 2214 melius
873 2166 1215 2241 ‘scopum
1251 2145 1547 2242 attigit3
1594 2158 1670 2216 et
1718 2158 1917 2218 certe
1938 2199 1959 2233 ‚
1982 2140 2393 2224 ‚voluissem
2432 2142 2625 2240 opus

573 2272 1047 2359 celeberrimi
1076 2275 1306 2374 hujus
1340 2279 1583 2351 critici
1624 2291 1869 2352 totum
1902 2276 2155 2351 denuo
2186 2277 2384 2375 typis
2410 2301 2622 2379 man--

576 2406 738 2478 dari
779 2433 794 2475 ε
855 2420 929 2478 at
963 2463 984 2499 ,
1009 2476 1014 2483 ,
1035 2406 1263 2480 hodie
1284 2464 1306 2499 ,
1369 2411 1499 2483 vix
1545 2409 2091 2513 intelligeretur
2135 2379 2623 2490 C'asaubonus

569 2538 758 2641 ipse.
795 2543 1056 2613 Novus
1089 2542 1328 2641 igitur
1365 2540 1952 2615 commentarius
1989 2558 2066 2618 et
2100 2543 2526 2643 simplicior.
2542 2556 2618 2617 et

573 2669 946 2757 debilitati
975 2689 1252 2747 nostrae
1280 2675 1918 2779 accommodatior
1946 2678 2135 2779 mihi
2164 2680 2620 2761 necessarius

569 2806 776 2891 yisus
812 2822 969 2898 est3
999 2806 1130 2880 sed
1159 2809 1256 2887 ‚in
1289 2830 1449 2907 quo
1468 2864 1493 2899 ,
1532 2809 1803 2882 omissa
1848 2835 2005 2885 non
2036 2811 2471 2909 posthabita
2496 2837 2616 2883 ex·

475 2926 482 2932 ’
573 2936 870 3023 cellenti
901 2940 1370 3033 eruditione,
1396 2943 1695 3047 Persius
1716 2967 1909 3043 pure
1946 2968 2029 3016 ac
2063 2943 2349 3015 sincere
2387 2941 2613 3039 expli-

570 3082 910 3155 caretur:
949 3072 1160 3169 quod
1203 3072 1517 3169 quidem
1557 3098 1697 3173 ego
1734 3098 1877 3171 pro
1913 3078 2100 3151 meis
2138 3071 2615 3147 facultatibus

571 3215 864 3306 tentare
912 3228 1070 3275 non
1121 3203 1491 3295 dubitavi.
1542 3211 1643 3278 At
1684 3232 1845 3311 nou
1894 3208 1977 3280 id
1998 3264 2017 3298 ‚
2062 3213 2369 3297 Lector,
2414 3207 2614 3295 dissi·

571 3330 863 3439 mulare
905 3330 1016 3407 fas
1047 3350 1199 3407 est:
1233 3334 1492 3415 labore
1530 3328 1671 3412 tib'i
1713 3364 1909 3439 opus
1944 3356 2099 3433 est„
2136 3361 2513 3443 namque:

727 3466 847 3540 Qui
873 3467 1157 3539 nucleum
1184 3488 1310 3529 esse
1334 3470 1463 3529 volt
1478 3512 1497 3542 ,
1522 3490 1760 3531 necesse
1786 3485 1877 3532 est
1902 3486 1972 3533 ut
2000 3474 2227 3554 frangat
2255 3494 2491 3535 nucem.

566 3587 656 3655 Et
693 3581 965 3682 vigiliis
998 3586 1154 3676 tuis
1192 3576 1505 3684 prorsus
1552 3586 1825 3685 dignus
1866 3604 1978 3662 est
2017 3577 2593 3683 candidus-Cor-

427 3716 438 3737 ‘
560 3720 732 3789 nuti
780 3715 1242 3817 discipulus:
1283 3744 1472 3819 quas
1504 3722 1575 3791 'si
1620 3723 1999 3820 patienter
2040 3722 2356 3796 tolerare
2400 3725 2594 3823 potis

555 3848 790 3941 fueris
803 3903 824 3937 ‚
853 3847 1323 3949 dulcissimos
1339 3851 1548 3943 inde,
1573 3867 1737 3925 tum
1756 3854 1855 3927 ad
1866 3856 2099 3927 vitam
2114 3870 2603 3955 praesentem„

452 4020 458 4026 „
561 3998 728 4057 tum
757 3982 853 4059 ad
883 3982 1256 4075 futuram,
1291 3981 1586 4058 fructus
1622 3976 1839 4086 leges.
1876 3990 2059 4062 Vive
2092 4004 2166 4062 et
2195 3987 2384 4062 vale.

1025 4118 1039 4130 “
1152 4118 1246 4195 N.
1285 4111 2085 4217 L.'ACHA1NTRE‚
2124 4124 2607 4225 PAanutus,
