2775 4619
27 1902 30 2071 -———
27 1686 34 1883 ——-—-—

614 418 735 486 IN
784 417 1652 487 PERSII'SATIRAM
1699 420 1802 486 11.
2115 425 2239 513 189

259 545 341 604 V.
384 552 479 613 14.
510 546 697 602 Nerio
710 548 847 617 jam
876 545 1090 622 tertia]
1133 546 1345 602 Nerius
1364 557 1574 603 xmorte
1607 546 1927 623 conjugum
1964 544 2240 626 locuple-

186 655 383 713 tatus,
410 643 704 700 fenerator
730 655 816 700 est
851 642 1039 701 factus
1066 643 1441 701 notissimus:
1469 643 1544 700 de
1580 663 1701 721 quo
1729 643 2002 725 Horatius
2019 689 2034 716 ‚
2061 648 2243 703 scribe
2319 724 2321 727 Α
2384 689 2392 697 .

190 743 399 795 decem
428 743 633 797 Neri0.
661 743 785 797 Dos
812 741 970 797 enim
1004 760 1037 796 a
1063 740 1193 797 ‘cive
1219 742 1490 797 Romano
1521 740 1656 797 data
1673 784 1690 811 ,
1719 760 1840 799 non
1867 742 2056 819 patrio
2085 743 2242 801 dicta

190 836 438 893 nomine
456 878 473 906 ,
504 836 555 892 si
580 836 899 913 repudium
924 855 1046 894 non
1072 836 1445 893 intervenerit
1465 878 1481 907 ,
1509 848 1645 913 post
1667 848 1919 893 mortem
1944 839 2142 896 uxoris
2165 826 2250 897 ad·

190 932 479 991 maritum
509 934 779 1010 pertinet.

274 1041 351 1094 V.
403 1058 499 1113 19.
548 1042 647 1094 Vis
684 1038 887 1116 Staio]
932 1038 1125 1097 Staius
1168 1049 1329 1096 tutor
1370 1037 1722 1116 pupillarius
1771 1040 1925 1097 fuit:
1967 1038 2146 1099 Gutta
2186 1054 2245 1099 et

200 1134 395 1192 Albus
415 1177 432 1203 ‚
463 1146 543 1191 et:-
561 1135 755 1192 caeteri
796 1135 1127 1213 praepositi,
1163 1136 1405 1193 fuerunt
1437 1133 1670 1213 judices
1697 1158 1711 1192 :
1749 1136 1854 1214 qui
1888 1137 1952 1194 in
1991 1138 2243 1196 Juniano

200 1230 429 1309 judicio
464 1231 767 1308 corrupti,
798 1231 1189 1309 Oppianicum
1230 1232 1671 1289 damnaverunt.

283 1341 360 1394 V.
394 1338 491 1393 26.
508 1340 617 1399 ,An
633 1380 653 1407 ,
682 1340 819 1413 quia
846 1357 964 1393 non
976 1336 1195 1414 fibram]
1228 1340 1297 1393 In
1321 1357 1436 1395 usu
1465 1337 1609 1407 fixit,
1632 1350 1701 1394 ut
1727 1356 1974 1414 augures
1991 1382 2008 1408 ‚
2028 1338 2124 1396 vel
2141 1338 2249 1398 ha·-

208 1433 471 1511 ruspices
492 1433 733 1491 adducti
751 1433 824 1491 de
844 1426 1147 1502 Hetruria‚
1170 1418 1341 1491 certis
1363 1434 1728 1510 temporibus
1744 1477 1761 1503 ‚
1785 1434 2036 1497 fulmina
2062 1448 2248 1494 trans-

211 1530 456 1607 figurata
496 1530 557 1587 in
600 1529 855 1607 lapides,
891 1529 1041 1586 infra
1087 1538 1299 1587 terram
1337 1528 1796 1602 absconderent3
1839 1532 2008 1609 cujus
2050 1532 2114 1589 in
2149 1550 2249 1609 pa-

159 1646 169 1651 ·
214 1628 461 1685 tratione
484 1628 570 1685 rei
595 1646 732 1685 oves
756 1626 1237 1685 immolabantur.

286 1738 361 1791 V.
400 1753 497 1805 27.
529 1734 813 1789 Bidental
835 1714 1025 1809 (ιο).]1
1046 1735 1240 1789 Locus
1277 1750 1442 1789 sacro
1482 1750 1792 1809 percussus
1823 1731 2104 1803 fulmine,
2141 1734 2248 1811 qui

215 1830 449 1887 bidente
479 1829 555 1885 ab
582 1828 992 1907 haruspicibus
1027 1840 1432 1899 consecratur,
1461 1848 1642 1905 quem
1672 1828 1893 1887 calcare
1922 1830 2082 1887 nefas
2109 1843 2218 1887 est.

287 1940 363 1993 V.
404 1936 501 1993 36.
536 1939 709 1993 Nunc
734 1938 930 1992 Licini
946 1938 1007 1992 in
1034 1934 1317 2012 campos]
1359 1935 1618 1993 Licinius
1659 1940 1896 1993 Crassus
1933 1937 2084 1994 inter
2117 1940 2248 1994 Ro·-

214 2052 419 2091 manos
456 2032 989 2111 locupletissimu8‚
1018 2032 1153 2089 ideo
1192 2032 1353 2089 dives
1393 2032 1858 2111 cognominatus.
1892 2031 2014 2101 Alii
2039 2032 2250 2091 volunt
2287 2040 2300 2051 '

214 2130 507 2188 Licinium
529 2143 825 2189 tonsorem
849 2150 916 2187 ac
939 2130 1216 2187 libertum
1240 2129 1494 2207 Augusti
1515 2129 1751 2187 Caesaris
1775 2128 2083 2207 significari
2105 2150 2249 2207 prae-

217 2227 459 2284 divitem
492 2248 506 2283 τ
546 2228 715 2305 cujus
758 2226 1191 2284 monimentum
1240 2237 1327 2283 est
1377 2224 1620 2303 pretiosi
1661 2225 1859 2303 operis
1896 2226 1990 2282 via
2033 2226 2250 2284 Salaria

216 2345 401 2403 prope
422 2325 648 2384 Urbem
666 2366 683 2395 ‚
708 2324 783 2382 ad
805 2323 1064 2402 lapidem
1092 2323 1436 2381 secundum.
1465 2327 1554 2381 De
1583 2322 1697 2381 hoc
1725 2342 1847 2382 non
1872 2324 2250 2382 invenustum

217 2421 496 2479 Varronis
521 2421 877 2499 epigramma
902 2420 1089 2478 fertur
1114 2441 1127 2476 :

572 2539 855 2586 Marmoreo
888 2533 1102 2584 Licinus
1130 2536 1325 2584 tumulo
1348 2536 1512 2599 jacet:
1542 2545 1592 2584 at
1619 2537 1739 2586 cato
1766 2552 1954 2601 parvo:

643 2616 911 2680 Pompeius
936 2615 1095 2664 nullo.
1126 2611 1259 2676 Quis
1284 2625 1430 2678 putet
1459 2631 1557 2662 esse
1582 2617 1714 2662 Deos
1735 2615 1780 2680 (ι
1797 2611 1883 2679 1)?

298 2724 373 2778 V.
425 2723 519 2798 39.
554 2724 693 2779 Νοη
726 2719 1005 2797 Μαικία]
1038 2718 1236 2776 Verbo
1277 2703 1540 2775 usus⁸est
1569 2717 1942 2796 haruspico*.
1967 2721 2136 2776 *Cum
2170 2720 2254 2780 eis
2345 2719 2348 2726 ’

221 2814 438 2877 dicitur
461 2840 475 2876 z

576 2918 765 2966 Mando
794 2916 919 2975 tibi,
946 2927 1006 2964 ut
1028 2915 1297 2964 maximum
1322 2916 1504 2963 Jovem
1531 2914 1721 2962 audias.

226 3025 306 3081 Ut
322 3021 832 3101 quemadmodum
853 3020 1280 3100 procurationis
1298 3019 1536 3076 assertio
1554 3019 1646 3089 fit,
1669 3019 1747 3074 ita
1768 3018 1868 3076 fiat
1887 3031 1946 3076 et
1967 3019 2030 3078 in
2051 3023 2255 3093 εισι-ᾖε,

228 3133 288 3178 et
308 3122 368 3178 in
396 3141 590 3198 prece.

291 3211 373 3286 'V.
403 3237 499 3296 42.
536 3231 859 3302 Tucetaque
886 3225 1127 3302 crassa]
1140 3227 1372 3290 jruceta
1395 3222 1554 3300 apud
1578 3221 1778 3280 Gallos
1803 3222 2124 3302 Cisalpinos
2145 3226 2261 3284 bu-

227 3321 367 3382 bula
406 3323 626 3381 dicitur
643 3365 659 3392 ‚
694 3321 1085 3381 condimentis
1128 3318 1488 3398 quibusdam
1528 3319 1730 3375 crassis
1775 3318 1994 3391 oblita,
2029 3341 2096 3379 ac
2135 3342 2262 3380 ma-

231 3433 452 3478 cerata:
486 3432 546 3476 et
583 3419 719 3477 ideo
762 3431 888 3476 toto
929 3438 1085 3476 anno
1126 3416 1333 3474 durat:
1355 3413 1519 3472 Solet
1558 3415 1734 3471 etiam
1771 3415 2010 3492 porcina
2049 3417 2261 3499 eodem

232 3535 439 3595 genere
477 3513 711 3574 condita
748 3516 989 3585 servari,
1020 3525 1123 3571 aut
1162 3513 1237 3571 ad
1276 3524 1602 3569 saturarum
1625 3511 1758 3588 jura
1778 3511 1924 3588 (12).
1955 3494 2263 3572 limem&

237 3613 348 3670 tius
364 3657 383 3685 ‚
405 3611 637 3690 Virgilii
665 3613 889 3669 amicus
908 3653 924 3680 ‚
950 3612 1013 3668 in
1046 3609 1253 3683 eadem
1280 3607 1520 3686 regione
1547 3619 1635 3664 est
1659 3607 1995 3664 nominatus
2018 3608 2260 3670 Tuceta.

219 3744 229 3753 ·
310 3713 379 3768 V.
426 3708 522 3765 56.
564 3692 725 3765 Nam
751 3709 978 3782 fratres·
1027 3709 1177 3762 inter
1216 3704 1494 3782 ahenea]
1530 3706 1727 3761 Acron
1762 3703 1936 3760 tradit
1975 3705 2140 3781 quod
2157 3749 2173 3776 ‚
2200 3709 2265 3766 in

236 3807 463 3886 porticu
484 3805 778 3884 Apollinis
800 3801 1073 3871 Palatini,
1095 3802 1336 3859 fuerunt
1353 3798 1684 3856 Danaidum
1709 3797 1928 3876 effigies
1943 3843 1960 3870 ,
1981 3813 2040 3858 et
2062 3817 2266 3862 contra

236 3923 359 3974 eas,
380 3905 491 3961 sub
509 3902 677 3974 divo,
700 3901 947 3959 totidem
966 3909 1263 3976 equestres
1288 3895 1549 3954 filiorum
1568 3893 1849 3972 Aegisthi.
1869 3897 1955 3952 Ex
1978 3897 2049 3954 iis
2065 3913 2264 3958 autem

238 4001 434 4059 statuis
456 4043 473 4072 ,
507 3999 780 4080 quaedam
818 3996 1165 4056 dicebantur
1207 3990 1646 4076 postulantibus
1677 4009 1783 4070 per
1817 4009 2092 4082 somnum
2113 3997 2265 4058 dare

238 4099 487 4159 oracula.
583 4133 589 4138 -
