2775 4619
854 379 1251 447 SATIRA
1321 384 1426 449 II.

2065 397 2156 480 49

206 505 347 572 Bile
360 516 601 570 tumet.
626 501 827 568 Nerio
854 505 987 590 jam
1016 489 1538 572 tertia*·‘conditur
1563 531 1751 575 uxor.

208 620 370 682 Haec
392 632 611 684 sancte
634 631 711 680 ut
734 639 957 706 poscas
975 667 993 702 ‚
1020 615 1334 684 Tiberino
1356 625 1424 685 in
1450 625 1706 712 gurgite
1729 627 1964 716 mergis

2088 636 2152 691 15

210 730 407 796 Mane
431 747 625 820 caput
646 729 752 798 bis
775 743 997 819 terque
1012 781 1031 814 ,
1060 751 1125 798 et
1153 751 1412 799 noctem
1445 734 1714 802 flumine
1737 763 1996 830 purgas-

126 908 389 957 scabiosum
404 905 530 973 far,
560 917 615 958 et
641 923 730 977 ap.
758 903 957 960 Juven.
986 925 1096 958 sca-

132 989 310 1037 biosum
327 1005 553 1056 pomum.

203 1089 287 1144 14.
335 1084 489 1133 Nerio
528 1085 642 1149 jam
695 1085 839 1133 tertia
877 1086 1107 1134 conditur

136 1165 293 1228 uzon]
318 1161 559 1216 Honeste
577 1161 701 1213 satis
727 1174 920 1214 votum
944 1181 1106 1215 suum

138 1239 388 1310 exprimit
426 1239 679 1310 impium.
728 1239 923 1312 Neque
961 1242 1109 1292 enim

137 1317 355 1387 proprie
369 1329 605 1369 mortem
617 1318 779 1370 uxori
792 1329 967 1388 optat,
984 1337 1107 1390 quae

140 1408 314 1450 tamen
324 1396 442 1450 voti
456 1415 663 1458 summa
676 1409 789 1448 erat
803 1415 820 1462 3
834 1396 928 1450 sed
940 1397 1107 1450 alium

140 1477 355 1530 beatum
388 1475 685 1549 praedicans
702 1514 719 1541 ‚
750 1479 840 1530 cui
871 1480 984 1532 haec
1018 1497 1115 1531 sae-

139 1557 257 1626 pius
273 1557 581 1628 contigisset
610 1558 824 1612 fortuna
844 1596 861 1621 ‚
884 1559 1113 1629 figurate

145 1636 273 1706 quid
304 1638 493 1709 cupiat
522 1637 775 1691 ostendit.
804 1639 1000 1692 Nerius
1026 1659 1120 1692 au·

146 1725 247 1768 tem
267 1718 369 1770 iste
387 1730 569 1770 morte
589 1719 753 1771 trium
770 1737 1005 1770 uxorum
1018 1757 1034 1784 ,
1052 1732 1119 1772 ut

150 1794 389 1861 videtur,
418 1795 623 1849 ditatus
660 1797 871 1863 fuerat3
900 1813 953 1852 at
970 1834 987 1863 ‚
1013 1800 1116 1851 Ne-

149 1876 339 1930 rius-ne
359 1879 435 1931 sit
459 1914 475 1940 ‚
504 1876 573 1930 de
604 1896 713 1949 quo
732 1877 913 1932 Horat.
930 1916 945 1940 ,
973 1883 1121 1931 Nerio

150 1961 291 2010 scribe
326 1962 525 2017 decem,
553 1977 622 2010 an
654 1958 788 2012 alius
806 1996 822 2022 ‚
848 1959 1119 2012 incertum

153 2049 225 2089 est
247 2041 743 2110 aque.—Condicur.
762 2040 883 2092 Jam
908 2052 1121 2093 mortua

153 2131 224 2170 est
246 2131 298 2170 et
324 2117 559 2190 sepulta.
588 2117 654 2170 C.

221 2215 301 2268 15.
330 2219 452 2266 Hoee
474 2229 641 2265 sancte
674 2229 731 2264 ue
752 2216 971 2286 poscas]
1002 2217 1124 2268 Iro-

154 2294 263 2347 nice
299 2296 409 2349 hoe
453 2293 683 2348 dictum.
704 2326 778 2336 —-
801 2297 1023 2347 Tiberino
1070 2299 1125 2347 ἰη·

154 2380 337 2444 gurgite
352 2380 552 2445 mergis.
570 2376 725 2429 Sacra
742 2370 1046 2448 peracturi,
1068 2389 1122 2430 et

158 2454 289 2507 Deos
318 2455 523 2509 adituri
549 2458 753 2508 veter‘es
784 2476 893 2509 sese
928 2458 1121 2528 purifi·

160 2535 365 2602 cabant3
387 2548 475 2599 et,
506 2548 767 2607 quantum
798 2536 855 2589 id
882 2536 1003 2590 fieri
1026 2554 1131 2608 po-

162 2626 323 2680 terat,
355 2636 412 2670 se
458 2617 704 2669 lavabant
746 2621 885 2689 aqua
920 2617 1079 2670 maris
1108 2656 1128 2682 ,

162 2700 262 2765 quo
274 2694 590 2769 respiciebat
607 2696 897 2767 Euripides
916 2694 1120 2749 dicens:

165 2800 399 2855 Θάλασσα.
456 2804 613 2863 κλύζει
655 2802 827 2856 πάντα
862 2811 911 2855 τ’
946 2802 1130 2873 ἀνθρώ·

230 2902 333 2933 πων
363 2881 503 2935 κακά
520 2918 539 2945 ‚

166 2979 241 3031 vel
284 2985 423 3052 aqua
480 2978 687 3034 fluviali
739 2980 844 3033 sale
884 2980 1125 3033 immisso

170 3064 380 3130 purgata
396 3099 414 3125 ,
434 3060 521 3113 vel
549 3060 709 3112 etiam
729 3065 865 3131 aqua
888 3062 1127 3113 fontana.

169 3136 317 3193 Philo
346 3142 415 3194 de
459 3140 879 3194 sacrificantibus
902 3162 917 3193 ε
946 3144 1009 3194 Οἱ
1043 3143 1129 3213 μὲν

172 3218 295 3272 ἄλλοι
324 3216 505 3289 σχεδὸν
538 3223 757 3281 ἅπαντας
790 3224 955 3292 ἀμιγεῖ
980 3217 1133 3274 ὕδατι

172 3301 576 3373 περιρῥαίνονται·
606 3301 827 3371 θαλάττῃ
846 3303 931 3372 μὲν
959 3304 1000 3352 οἱ
1021 3308 1133 3353 πολ-

177 3378 269 3431 λοὶ.
292 3382 415 3441 τινὲς
446 3376 507 3432 δὲ
536 3384 779 3451 ποταμοῖς
798 3403 813 3415 ·
845 3382 887 3433 οἱ
918 3376 977 3432 δὲ
1010 3381 1135 3432 κάλ-ν

176 3474 309 3511 πισιν
358 3463 415 3513 ἐκ
466 3468 639 3530 πηγῶν
698 3461 968 3531 αρυόμενοι.
1018 3460 1141 3526 Qui·

1180 920 1361 961 autem
1389 909 1504 962 Diis
1530 911 1716 966 inseris
1743 913 2001 981 litabant,
2023 921 2162 990 aqua

1182 1005 1241 1040 se
1264 991 1612 1059 aspergebant
1642 1003 1882 1047 tantum:
1909 995 2005 1066 qui
2032 1016 2160 1050 vero

1183 1069 1299 1120 Diis
1318 1070 1526 1140 superis
1544 1090 1688 1124 sacra
1707 1074 1972 1129 faciebant
1987 1114 2004 1141 ,
2024 1094 2162 1130 mer·

1185 1145 1380 1215 gebant
1421 1164 1476 1198 se
1505 1183 1522 1210 ‚
1567 1160 1622 1199 et
1668 1161 1812 1202 totos
1853 1152 2160 1207 abluebant.

1184 1227 1336 1296 Vix-g.
1360 1226 1586 1279 Aeneid.
1609 1229 1720 1280 IV:

1182 1314 1440 1359 Atti-actare
1452 1315 1594 1371 nefas,
1609 1316 1758 1363 donee
1770 1331 1844 1364 me
1856 1317 2046 1366 flumine
2057 1320 2170 1366 vivo

1184 1384 1408 1431 Abluero.

1190 1463 1323 1516 Vid.
1378 1484 1605 1538 quoque
1653 1468 1896 1522 Macrob.
1945 1469 2166 1526 Saturn.

1189 1543 1293 1596 lib.
1323 1546 1448 1609 111,
1475 1565 1593 1617 cap.
1635 1566 1719 1600 11.
1760 1548 1924 1602 Hunc
1961 1569 2170 1604 morem

1194 1626 1430 1678 mutuati
1446 1626 1704 1680 videntur
1719 1648 1750 1680 a
1769 1629 1967 1683 Graecis
1980 1633 2176 1684 Roma-

1194 1703 1390 1776 nisque
1405 1717 1608 1758 veteres
1625 1706 1936 1761 Christiani.
1955 1709 2020 1763 C.
2037 1723 2090 1763 et
2104 1713 2165 1762 A,

1270 1788 1354 1837 16.
1384 1789 1576 1854 Mane.]
1604 1787 1766 1841 Mane
1797 1801 1852 1841 et
1878 1789 2018 1842 Solis
2041 1802 2172 1844 ortu.

1203 1863 1320 1915 Diis
1338 1864 1576 1935 superis3
1596 1867 1834 1938 vesperi,
1857 1880 1910 1920 et
1935 1867 2060 1920 Sole
2086 1887 2173 1920 ca-

1203 1943 1365 1997 dente
1380 1982 1399 2008 ,
1424 1945 1538 1997 Diis
1557 1945 1760 1999 inferis.
1779 1945 1908 2000 vid.
1927 1948 2174 2020 interpp.

1196 2036 1326 2079 vett.
1347 2025 1622 2095 Apollonii
1648 2026 1707 2078 in
1729 2028 2060 2098 Argonautas
2077 2065 2094 2093 ,
2119 2039 2176 2080 et

1199 2103 1424 2158 Pindari
1461 2104 1519 2157 in
1559 2106 1748 2158 Isthm.
1796 2105 1886 2159 od.
1928 2112 1981 2169 4.
2001 2139 2074 2150 -
2093 2111 2178 2160 Bis

1201 2202 1391 2254 terque.
1431 2186 1537 2238 Alii
1580 2200 1761 2242 totum
1803 2206 2001 2260 corpus
2028 2227 2046 2252 ‚
2077 2189 2177 2242 alii

1198 2279 1361 2340 caput
1390 2279 1603 2320 tantum
1630 2269 1940 2343 mergebant
1957 2307 1973 2333 ,
1996 2283 2060 2323 ut
2084 2270 2178 2324 hic

1201 2364 1255 2403 et
1268 2347 1415 2421 apud
1434 2348 1894 2421 Theophrastum3
1912 2352 1998 2403 alii
2015 2360 2180 2422 caput

1200 2431 1284 2482 bis
1306 2432 1631 2502 mergebant,
1651 2431 1741 2483 alii
1757 2445 1856 2495 ter,
1876 2447 1938 2484 ut
1957 2433 2068 2495 hic,
2090 2430 2182 2493 de·

1207 2511 1369 2563 clarat
1393 2510 1620 2563 Persius.
1649 2512 1922 2565 Solemnes
1947 2512 2002 2563 hi
2029 2522 2181 2564 erant

1206 2592 1419 2644 numeri
1463 2592 1519 2642 in
1568 2594 1729 2643 sacris
1750 2630 1767 2657 ‚
1814 2605 1876 2645 ut
1917 2604 2064 2663 patet
2113 2608 2181 2644 ex

1206 2670 1369 2725 Ovid.
1389 2672 1528 2723 Fast.
1549 2672 1652 2733 IV,
1670 2684 1724 2723 et
1739 2673 1896 2743 Virg.
1915 2670 2009 2723 ecl.
2023 2670 2182 2722 VIII.

1204 2754 1352 2800 —Ec
1369 2752 1784 2819 nocteaenflutnine
1807 2769 2011 2817 purga-5.
2039 2748 2090 2801 N
2093 2766 2183 2800 oc·

1204 2845 1330 2891 tem,
1342 2830 1452 2883 scil.
1465 2841 1794 2881 nocturnum
1809 2828 2182 2891 concubitum,

1202 2924 1494 2963 nocturnas
1533 2906 1715 2961 sordes
1749 2927 1778 2960 e
1811 2908 2029 2959 Venere
2059 2924 2186 2958 con-

1207 3002 1422 3051 tractas;
1438 2986 1505 3040 de
1518 3006 1626 3058 quo
1642 3005 1832 3058 genere
1846 2986 2186 3057 purgationis

1207 3066 1319 3124 vid.
1361 3067 1426 3120 ad
1471 3067 1833 3137 spartianum.
1877 3066 2144 3118 Caeterum
2163 3103 2181 3129 ,

1208 3146 1423 3217 antiqui
1466 3159 1681 3198 noctem
1728 3145 1894 3213 ipsam
1937 3144 2186 3215 polluere

1210 3228 1474 3299 putabant
1489 3264 1506 3289 ‚
1533 3238 1593 3277 ut
1615 3238 1766 3278 notat
1790 3224 2024 3279 Servius.
2054 3223 2186 3277 Pro-

1210 3322 1353 3380 pert.
1376 3307 1475 3359 lib.
1499 3308 1586 3359 111
1607 3345 1622 3371 ,
1652 3307 1786 3378 eleg.
1817 3325 1882 3375 9:

1211 3396 1281 3443 Ac
1296 3395 1498 3457 primum
1517 3394 1634 3456 pura
1657 3398 1871 3443 somnum
1893 3393 1984 3440 tibi
2007 3392 2190 3459 discute

1332 3466 1540 3528 lympha.
1945 3465 1997 3510 C.
2017 3472 2064 3509 et
2081 3462 2132 3507 P.

240 3619 300 3665 V·
328 3627 414 3676 14·
442 3618 695 3668 Condicur.
712 3620 855 3669 Hanc
878 3619 1143 3668 lectionem
1169 3617 1400 3667 revocavi
1425 3634 1490 3665 ex
1515 3628 1616 3666 vet.
1644 3616 1799 3679 schol.
1815 3618 2040 3663 Puteauo
2067 3610 2182 3659 cod.

180 3696 442 3749 Pithoeano
464 3710 515 3747 et
530 3700 643 3747 aliis
667 3700 1033 3749 vetustissimis.
1052 3700 1243 3747 Nostrae
1274 3698 1487 3747 lectioni
1516 3697 1806 3745 adversatur
1833 3692 2158 3743 casaubonus
2171 3724 2188 3749 ,

180 3778 463 3826 auctoritate
478 3778 641 3827 fretus
664 3780 847 3838 Servii,
864 3778 1001 3843 apud
1016 3794 1167 3843 quem
1182 3777 1375 3825 ducitur
1386 3775 1522 3825 idem
1547 3786 1624 3823 est
1649 3790 1705 3823 ac
1729 3774 1888 3821 fertur
1903 3772 1966 3818 ad
1985 3784 2160 3834 rogum
2175 3784 2194 3815 ·.·

183 3863 253 3912 tt,
280 3855 335 3907 τὸ
351 3858 467 3923 jam
490 3858 609 3905 satis
633 3858 825 3907 indicat
856 3859 996 3907 Nerii
1030 3858 1223 3905 tertiam
1257 3872 1470 3905 uxorem
1501 3856 1604 3920 jam
1638 3853 1832 3919 pridem
1862 3862 2114 3899 mortuam
2140 3858 2195 3896 et

182 3932 346 3985 elatam
362 3954 501 3997 esse,
516 3937 733 4002 ideoque
760 3937 1031 4007 sepulchro
1045 3937 1324 3989 ‘condicant-
1358 3938 1489 3993 Pene
1521 3951 1694 3985 omnes
1726 3933 1846 3982 libri
1860 3966 1876 3994 ,
1902 3931 1988 3981 sed
2016 3945 2188 3979 recen·

188 4012 325 4063 tiores
336 4050 353 4077 ,
374 4014 579 4066 habent
588 4016 794 4083 ducitur.

1799 4084 1840 4158 ti
