2775 4619
22 2994 25 2999 -
21 1843 33 2981 ——Wss-——ss

114 2414 124 2432 Q

964 433 1356 502 SATIRA
1423 435 1549 502 vi.
2110 437 2277 522 -169

331 559 471 626 Nec
497 559 816 624 rhombos
844 558 996 624 ideo
1033 561 1283 626 libertis
1314 581 1560 650 ponere
1586 561 1797 624 lautus
1819 607 1839 640 .,
1872 614 1875 619 .

329 674 392 738 N
393 696 468 739 ec
495 690 721 739 tenues
747 675 946 739 solers
974 673 1316 739 turdarum
1347 697 1537 739 nosse
1566 674 1815 738 salivas.

326 786 536 852 Messe
568 804 754 852 tenus
784 769 1052 878 propri&
1077 789 1224 854 vive
1243 837 1262 870 ,
1293 804 1358 854 et
1390 785 1686 879 granaria
1702 837 1723 869 ‚
1748 787 1845 852 fas
1880 801 1974 853 est
1993 835 2014 869 ‚
2210 794 2276 852 25

326 901 578 967 Emole.
605 903 792 986 Quid
811 902 1107 968 metuas?
1130 922 1314 968 occa:
1334 925 1418 968 en
1440 925 1614 993 seges
1634 904 1839 990 altera
1849 903 1920 968 in
1940 902 2143 968 herba
2161 918 2276 968 est.

314 1083 397 1134 23.
420 1087 526 1134 Nec
546 1086 772 1136 rhombos
798 1086 906 1136 ideo
920 1123 937 1146 ,
955 1089 1073 1154 eta]
1093 1085 1220 1138 Non

227 1165 426 1217 similis
453 1165 560 1218 illis
595 1167 892 1237 nepotibus
921 1179 976 1218 et
1003 1164 1183 1218 stultis
1200 1203 1218 1230 ‚

231 1245 341 1316 qui
387 1244 526 1296 dum
572 1245 705 1298 lauti
748 1247 943 1299 volunt
991 1246 1178 1298 haberi
1202 1282 1218 1309 ‚

231 1326 402 1378 etiam
429 1327 641 1379 libertis
669 1327 780 1378 suis
809 1329 1035 1377 rhombos
1052 1346 1220 1398 appo·

231 1418 401 1457 nunt.
432 1405 545 1458 Per'
564 1406 824 1467 rhombos
861 1406 1103 1478 intellige
1134 1425 1225 1459 ex·

237 1486 556 1556 quisitiores
604 1487 805 1556 epulas.
850 1487 1225 1539 Romanorum

236 1578 426 1616 autem
447 1565 609 1617 multi
629 1565 854 1618 libertos
872 1583 999 1618 suos
1014 1566 1223 1617 honore

237 1663 438 1697 mensae
497 1663 611 1696 non
673 1644 1076 1716 dignabantur3
1127 1658 1222 1698 aut

237 1737 386 1778 certe
433 1723 646 1776 diversa
694 1725 801 1777 illis
847 1726 1220 1796 apponebant.

239 1803 368 1856 Vid.
398 1806 597 1857 Juven.
635 1816 734 1856 sat.
767 1805 913 1857 V.—-
929 1811 1112 1856 Lautus
1129 1825 1223 1874 po-

240 1905 370 1936 nere.
409 1883 802 1951 Hellenismus‚
827 1905 932 1957 pro
969 1890 1131 1937 lautus
1162 1888 1220 1938 in

239 1965 515 2034 ponendis
531 2004 548 2028 ‚
573 1977 676 2018 etc.
702 1965 769 2018 Ὀ.

315 2054 398 2110 24.
428 2051 533 2097 Nec
559 2063 721 2098 tenues
753 2049 900 2098 solers
927 2050 1220 2116 turdarum]

237 2126 366 2178 Vet.
399 2127 579 2179 schol.
619 2151 640 2170 ·=
663 2127 997 2198 Cognoscere
1031 2126 1220 2179 turda-

237 2229 260 2250 α
285 2223 412 2256 rum
442 2225 678 2277 sapores.
711 2206 901 2259 Solent
929 2207 1076 2258 enim
1099 2207 1222 2277 qui-

240 2312 262 2332 ·
288 2285 414 2342 dam
445 2287 588 2359 gulae
623 2285 828 2352 dediti,
840 2299 1018 2359 ,tantae
1051 2287 1221 2339 subti-

239 2392 262 2413 ·
281 2368 450 2421 litatis
487 2368 689 2421 habere
724 2370 966 2439 palatum
986 2406 1000 2429 ,
1037 2380 1100 2420 ut
1139 2366 1223 2433 di·

239 2471 265 2493 σι
285 2461 550 2518 gnoscant
589 2447 810 2514 turdos,
839 2467 907 2500 an
939 2448 1186 2501 cellarius
1204 2484 1222 2511 ‚

241 2553 266 2573 ι
286 2547 353 2579 an
391 2528 654 2580 terrarius
684 2528 752 2579 sit
777 2548 789 2578 ε
821 2546 886 2580 an
923 2527 1222 2592 masculus,

241 2626 352 2674 «Van
379 2608 597 2659 semina.
622 2612 894 2659 Tur-darum
919 2607 1064 2660 dixit
1082 2607 1216 2659 abu-

242 2712 266 2734 ·
288 2689 428 2753 sives,
457 2692 587 2740 cum
627 2686 880 2740 turdorum
919 2687 1182 2741 debuerat
1201 2724 1217 2750 ‚

244 2793 267 2815 ι
289 2781 351 2819 ut
377 2769 638 2821 Horatius
657 2770 816 2840 ponit
836 2788 849 2819 t

240 2876 262 2897 ιι
279 2858 403 2901 Pene
425 2872 608 2902 macros
630 2856 742 2901 arsit
757 2889 772 2912 ‚
796 2856 908 2903 dum
936 2856 1096 2903 turdos
1115 2872 1220 2903 ver-

365 2947 386 2969 α
407 2938 479 2973 sat
500 2928 552 2973 in
574 2927 687 2989 igni.
709 2949 732 2969 a.

239 3042 309 3053 —-
324 3017 508 3073 Turdi,
528 3014 674 3067 inter
689 3012 931 3067 volatilia
945 3012 1220 3065 celebran-

241 3108 353 3147 tur.
376 3096 518 3147 Plin.
544 3094 644 3149 lib.
675 3096 758 3157 X,
777 3114 897 3165 cap.
927 3101 992 3157 ²4
1011 3132 1027 3157 ‚
1053 3094 1220 3146 Athe-

237 3194 388 3229 naeus
413 3176 511 3228 lib.
534 3176 592 3228 II
609 3212 626 3241 ‚
647 3194 766 3247 cap.
801 3183 866 3238 24
885 3212 902 3240 ,
923 3176 1143 3227 Aristot.
1167 3187 1220 3227 et

2353 1049 2364 1068 .

1297 1085 1489 1138 Horat.
1504 1086 1603 1138 lib.
1621 1088 1677 1151 1,
1697 1086 1855 1159 epist.
1880 1087 2283 1141 15.—Salivam.

1297 1167 1405 1220 Pro
1426 1180 1589 1238 gustu
1614 1180 1668 1220 et
1688 1187 1878 1240 sapore
1902 1170 2163 1241 frequens
2184 1171 2285 1222 La-

1298 1247 1426 1299 tinis
1470 1266 1539 1299 ex
1578 1249 1790 1300 ratione
1833 1243 2057 1320 physica
2082 1268 2285 1315 qnam,

1301 1327 1523 1398 quando
1550 1329 1727 1380 anima
1757 1341 2008 1382 movetur
2032 1330 2284 1401 appetitu

1305 1406 1513 1480 aliquid
1535 1407 1766 1472 edendi,
1790 1423 2022 1480 propter
2045 1408 2288 1480 partium

1302 1488 1663 1559 sympathiam
1682 1527 1698 1552 ‚
1722 1485 1902 1540 statim
1927 1488 2091 1541 saliva
2112 1487 2167 1539 in
2191 1507 2286 1541 ore

1302 1568 1545 1620 nascitur
1571 1605 1588 1632 ‚
1631 1580 1893 1640 tanquam
1949 1569 2245 1638 supplente
2268 1607 2287 1632 ,

1301 1667 1407 1720 pro
1434 1667 1531 1700 sua
1564 1648 1709 1700 virili
1743 1661 1935 1700 natura
1957 1686 1974 1712 ‚
2009 1647 2287 1702 defectum

1297 1729 1382 1782 rei
1407 1739 1620 1799 optatae.
1654 1729 1717 1782 C.

1381 1809 1467 1860 25.
1498 1815 1646 1860 Messe
1683 1810 1858 1879 tenus]
1904 1809 2188 1872 Quantum
2222 1828 2288 1862 cx

1303 1889 1441 1959 agris
1462 1907 1562 1958 per
1590 1906 1795 1939 annum
1815 1888 2021 1958 colligis
2047 1901 2288 1939 tantuin·

1301 1969 1425 2020 dem
1464 1969 1562 2019 tibi
1603 1967 1861 2038 impende
1900 1981 1954 2018 et
1990 1965 2125 2020 aliis.
2157 1969 2287 2020 Esto

1299 2050 1535 2103 liberalis
1564 2048 1699 2102 κατὰ
1735 2051 1821 2104 τὴν
1854 2050 2048 2114 οὐσίαν,
2079 2048 2139 2101 id
2168 2062 2248 2102 est
2269 2087 2286 2112 ‚

1299 2148 1403 2202 pro
1450 2127 1616 2180 modo
1668 2140 1889 2180 tuarum
1936 2147 2129 2198 opum.
2186 2127 2287 2180 Est

1302 2211 1451 2264 enim
1496 2210 1745 2279 ἐλευθέριος
1766 2251 1780 2273 ,
1819 2210 2003 2280 inquit
2039 2209 2287 2280 philoso-

1301 2292 1479 2363 phus,
1506 2293 1529 2345 ὁ
1560 2289 1693 2343 κατὰ
1720 2291 1807 2347 τὴν
1842 2291 2007 2343 οὐσίαν
2040 2285 2285 2343 δαπανῶν

1303 2374 1386 2427 καὶ
1416 2374 1480 2433 εἰς
1506 2372 1538 2423 ἃ
1560 2366 1933 2423 &eL—Messes.
1952 2370 2048 2421 Est
2064 2387 2291 2421 annuus
2320 2436 2325 2445 ·

1300 2451 1531 2505 reditus.
1559 2480 1631 2491 --
1666 2453 1938 2501 Granaria.
1962 2489 1975 2501 .
1999 2491 2012 2502 .
2034 2490 2047 2502 .
2108 2454 2283 2501 emole.

1301 2529 1455 2596 Quid
1482 2530 1708 2601 cogitas,
1728 2533 1762 2581 ὀ
1784 2530 1948 2582 stulte
1967 2567 1983 2594 ‚
2006 2529 2143 2583 dum
2168 2529 2293 2581 assi-

1298 2611 1408 2665 due
1441 2610 1585 2661 bona
1612 2610 1858 2681 congeris
1895 2611 1953 2660 in
1986 2609 2291 2662 horreis-et

1299 2690 1559 2763 granariis
1600 2690 1623 2741 ?
1673 2690 1809 2761 quin
1857 2689 2043 2760 potius
2080 2689 2291 2759 promis

1303 2791 1425 2845 quae
1445 2790 1619 2824 servas
1639 2770 1861 2821 condita
1878 2782 1932 2821 et
1950 2770 2137 2821 amicis
2155 2789 2289 2841 pau·
2330 2768 2337 2771 ’

1301 2854 1526 2925 peribus
1540 2852 1631 2905 illa
1646 2851 1887 2921 elargitis
1900 2850 2289 2919 ?—Emolegra-

1303 2936 1464 2983 naria.
1492 2940 1667 2993 Δεινῶς
1689 2972 1705 2998 ,
1743 2952 1852 3003 pro.
1894 2931 2120 2983 exhauri
2164 2951 2284 2985 mo-

1299 3011 1466 3065 lendo
1484 3050 1501 3076 ‚
1524 3024 1577 3064 et
1607 3011 1624 3062 l
1722 3012 1827 3064 iter
1854 3008 2105 3081 quotidie
2132 3010 2295 3062 insu--

1300 3091 1518 3145 mendo.
1546 3091 1611 3144 C.

1374 3176 1459 3226 26.
1490 3175 1625 3239 Quid
1641 3172 1872 3242 metuas-J
1897 3171 2045 3245 *Quis
2078 3184 2157 3225 est
2184 3170 2290 3225 iste

309 3351 378 3396 V.
415 3349 500 3395 23.
528 3346 780 3395 Rhombos.
810 3346 970 3396 Codd.
998 3346 1197 3395 Thuan.
1229 3348 1437 3395 Putean.
1470 3344 1702 3393 Fauchet.
1736 3343 1872 3392 Pith.
1896 3346 1948 3403 1,
1970 3355 2021 3391 et
2046 3306 2151 3391 duo
2174 3344 2287 3401 alii,

238 3428 483 3483 scombros
501 3444 519 3474 :
550 3438 600 3474 et
628 3442 736 3475 eam
759 3428 1032 3475 lectionem
1061 3424 1331 3491 genuinam
1361 3442 1491 3491 pene
1520 3424 1849 3489 suspicarem3
1870 3422 2001 3471 nihil
2023 3434 2190 3470 tamen
2214 3423 2289 3471 ihi
2326 3455 2330 3459 -

236 3508 546 3555 mutandum
568 3508 816 3573 judicavi.

309 3599 373 3643 V.
408 3604 494 3651 24.
536 3598 717 3643 Tenues
749 3594 940 3643 salivas.
971 3593 1198 3643 Restitui
1231 3610 1296 3641 ex
1329 3593 1481 3641 codd.
1516 3592 1717 3641 Thuan.
1750 3594 1959 3640 Putean.
1988 3590 2209 3639 Colbert.
2233 3592 2289 3647 Ι,

235 3676 440 3723 Pithoei
463 3676 599 3735 8072
615 3710 629 3733 ,
651 3674 892 3722 Mazarin.
915 3672 1156 3721 Fauchet.
1181 3672 1324 3721 codd.
1355 3674 1491 3721 8050
1510 3685 1561 3720 et
1584 3672 1722 3723 8610
1736 3706 1751 3730 ,
1772 3683 1822 3719 et
1848 3670 2009 3717 tribus
2028 3670 2153 3717 aliis.
2171 3672 2287 3717 Vet.

234 3756 394 3805 schol.
424 3765 476 3803 et
493 3758 592 3803 vn
621 3754 769 3819 codd.
797 3766 989 3815 tenuem
1015 3752 1232 3801 salivam.
1264 3754 1336 3801 At
1365 3765 1465 3801 vet.
1494 3753 1651 3801 schol.
1680 3753 2037 3814 interpretatur
2056 3765 2250 3812 sapores
2268 3766 2287 3795 .-

234 3851 356 3900 ergo
397 3844 620 3881 nostram
660 3834 930 3882 lectionem
967 3832 1024 3881 in
1065 3832 1180 3881 cod.
1223 3833 1405 3881 veteris
1448 3832 1608 3882 schol.
1654 3832 1893 3879 insertam
1934 3828 2099 3892 primo
2138 3828 2290 3876 fuisse

233 3916 438 3981 opinor.
452 3942 524 3951 —-
543 3914 832 3962 Tur-darum.
884 3915 1155 3961 Turdorum
1195 3923 1363 3961 autem
1402 3928 1498 3978 pro
1547 3910 1805 3959 turdarum
1847 3909 2095 3957 nonnulli
2136 3908 2289 3957 codd.

235 3997 434 4046 'habent
499 3997 626 4045 forte
653 3996 849 4044 melius.
897 4036 904 4045 .

240 4142 248 4148 ,
307 4089 378 4134 V.
405 4086 488 4135 26.
515 4086 718 4134 Metuas.
742 4084 959 4134 Dimidia
982 4099 1098 4150 pars
1127 4082 1272 4133 codd.
1297 4080 1483 4133 metuis.
1501 4082 1782 4147 Utrumque
1801 4079 1951 4129 bene.
1970 4080 2131 4128 -Ετ,
2149 4076 2283 4126 Edit.
