2775 4619
570 385 700 475 76-
1095 384 1178 448 A.
1231 336 1621 450 PEnsu*
1668 383 2052 450 FLAcc1

659 509 822 592 Quae
856 521 1040 596 pater
1076 506 1370 572 adductis
1406 506 1645 572 sudans
1680 507 1935 573 audiret
1968 508 2214 573 amicis.

657 622 693 686 J
699 645 816 687 ure
839 645 856 686 z
883 622 1124 687 etenim
1147 622 1218 686 id
1241 645 1573 688 summum
1588 673 1610 702 ,
1634 622 1795 711 quid
1820 622 2046 688 dexter
2068 623 2254 687 senio
2276 621 2476 688 ferret

662 738 844 803 Scire
873 754 1010 802 erat
1034 719 1104 801 in
1132 754 1323 820 vot03
1351 739 1659 803 damnosa
1684 738 1980 804 canicula
2009 754 2331 827 quantum

661 821 978 936 Raderet3
1001 869 1287 944 angustae
1313 854 1487 918 collo
1514 875 1650 918 non
1675 853 1885 918 fallier
1908 875 2115 936 orcae3
2554 855 2657 914 50
2694 835 2730 854 ‘⁴

571 1047 890 1120 parentibus
911 1061 966 1101 et
992 1045 1232 1119 cognatis
1250 1084 1267 1111 ‚
1291 1058 1355 1100 ut
1381 1050 1459 1099 eis
1476 1046 1553 1098 sic
1631 1046 1818 1099 lusum
1844 1059 2051 1118 spectat
2074 1047 2284 1097 senionis
2304 1058 2359 1099 et
2378 1048 2655 1098 caniculae
2734 1097 2736 1114 Ι

565 1127 875 1192 adulando,
907 1130 1168 1200 majorem
1193 1139 1463 1199 quaestum
1490 1145 1553 1180 ac
1632 1123 1839 1180 mentio
1865 1145 1880 1176 τ
1920 1145 2044 1179 nam
2065 1165 2082 1191 ‚
2110 1137 2174 1178 ut
2210 1127 2437 1198 quisque
2456 1163 2474 1187 ‚
2504 1125 2651 1177 talis
2734 1115 2736 1138 ³

571 1207 876 1261 mercedem
905 1206 1288 1278 expiscaretur.
1316 1208 1378 1260 Ρ.

1628 1208 1866 1280 jactatis,
1883 1210 2127 1258 senionem
2146 1207 2231 1275 (le
2252 1207 2486 1259 nombre
2506 1207 2603 1258 six
2616 1208 2649 1274 )
2736 1210 2738 1220 '

645 1293 733 1356 47.
764 1291 886 1352 Quoe
899 1301 1050 1354 pater
1072 1287 1338 1356 adductis]
1365 1275 1553 1338 Decla-

571 1367 792 1420 mahant
816 1368 979 1439 pueri
1006 1371 1155 1420 sexta
1181 1372 1401 1440 qquue
1428 1365 1552 1432 die,

570 1459 834 1519 presente
853 1460 1007 1518 patre
1020 1486 1037 1513 ‚
1057 1449 1154 1520 qui
1173 1448 1373 1500 amicos
1390 1460 1447 1500 et
1465 1465 1556 1498 co-

570 1541 760 1601 gnatos
778 1527 1080 1582 adducebat
1092 1567 1109 1592 ‚
1131 1528 1200 1580 ad
1217 1526 1556 1582 audiendum

571 1608 770 1662 filium.
817 1607 950 1662 Vid.
1003 1610 1243 1674 Quintil.
1297 1610 1397 1662 lib.
1448 1609 1506 1661 11
1536 1645 1553 1671 ‚

572 1709 692 1762 cap.
724 1705 791 1761 7‘,
816 1705 871 1743 et
907 1691 992 1753 X,
1019 1709 1142 1762 cap.
1181 1691 1234 1744 5.
1256 1693 1549 1740 —Sudans.

571 1765 824 1844 Ᾰγωνιῶν.
845 1773 1097 1843 Explicat
1123 1773 1327 1825 Statius
1349 1772 1410 1824 in
1442 1771 1555 1841 epi-

574 1849 732 1904 cedio
753 1853 922 1924 patris
940 1852 1026 1904 sui
1051 1872 1064 1902 ε

573 1963 738 2020 Qualis
758 1979 856 2010 eras
871 1996 886 2020 ,
907 1963 1065 2010 Latios
1085 1962 1268 2024 quoties
1287 1977 1376 2025 ego
1399 1962 1556 2008 carmi-

695 2049 754 2080 ne
771 2045 925 2096 pau-ee

571 2107 826 2155 Mulcerent
839 2141 854 2162 ,
875 2107 1081 2169 felixque
1113 2104 1183 2154 tui
1215 2115 1449 2168 spectator
1474 2105 1557 2152 ad·

697 2192 818 2224 0838

570 2248 806 2302 Muneris!
838 2250 941 2296 Heu
971 2248 1101 2311 quali
1135 2249 1353 2298 confusus
1390 2249 1559 2315 gaudia.

823 2322 836 2353 ν

573 2321 928 2453 Ἵοτβθῖἑῖἑςηε
958 2401 1107 2439 metus
1135 2392 1282 2451 inter,
1312 2394 1561 2454 letumque

695 2462 940 2525 pudorem.
1333 2464 1386 2511 Ρ.
1408 2474 1456 2511 et
1482 2466 1535 2511 C.

645 2566 734 2629 48.
751 2567 904 2637 Iure]
924 2564 982 2619 Si
1003 2585 1114 2619 non
1137 2567 1360 2621 omnino
1381 2578 1527 2619 recte
1540 2604 1557 2629 ,

575 2661 631 2701 at
643 2647 830 2703 saltem
845 2649 1232 2702 convenienter
1247 2650 1374 2703 vite
1394 2666 1561 2720 quam

571 2730 794 2801 agebam
816 2767 834 2794 ‚
858 2744 912 2783 et
939 2728 1042 2783 fini
1077 2750 1240 2802 quem
1269 2730 1339 2782 ob
1371 2730 1561 2783 oculos

572 2808 852 2863 habebam:
874 2810 1102 2881 quippe,
1115 2823 1561 2880 poet-‚summum

572 2890 788 2943 bonum
843 2908 958 2944 non
1007 2890 1160 2943 aliud
1207 2890 1562 2963 agnoscebam

476 2991 483 2999 ·
572 2985 771 3043 praeter
807 2970 1008 3024 ludum
1047 2986 1102 3027 et
1133 2975 1321 3044 jocum
1343 3009 1361 3035 ‚
1400 2972 1563 3025 seria·

541 3068 547 3078 ·
573 3066 729 3100 curas
768 3049 928 3119 nugis
963 3061 1318 3120 postponens.
1336 3078 1408 3089 -—
1434 3050 1567 3113 Quid

573 3130 749 3178 dexter
771 3132 902 3178 sem'o
923 3130 1108 3194 ferree.
1152 3128 1424 3181 Puerilem
1460 3128 1559 3181 las-

574 3202 768 3258 civiam
797 3204 862 3256 ab
885 3205 1096 3275 aliquot
1125 3204 1433 3257 lusionibus
1468 3203 1562 3257 de-

576 3284 780 3337 scribit.
819 3284 1000 3338 Prima
1037 3300 1152 3339 erat
1171 3285 1561 3359 κυῧείαςφιειῑι

573 3360 761 3413 lusum
797 3360 962 3414 fuisse
997 3362 1411 3415 celeberrimum
1435 3380 1559 3432 per·

575 3439 740 3493 multi
799 3440 952 3513 apud
1002 3454 1206 3495 veteres
1247 3455 1552 3507 testantur,

571 3519 842 3591 imprimis
865 3520 1016 3574 istud
1033 3521 1298 3595 Lysandri
1315 3520 1557 3575 dictumt

574 3603 695 3662 Τοὺς
741 3605 830 3673 μὲν
845 3599 1073 3681 χ·ιι·<κ“ι’ὅ“α,,ς
1117 3608 1220 3664 τοῖς
1264 3603 1563 3675 &epa-{ezzone

571 3677 676 3734 δεῖν
711 3683 1001 3753 ἰξαπατᾷν,
1031 3685 1144 3744 τοὺς
1181 3680 1240 3737 δὲ
1272 3679 1455 3755 ἄνδρας
1486 3685 1565 3754 ὅρ-

571 3781 690 3823 κοις.
703 3762 926 3815 ΡΙιιῐ.’ἰιι
943 3764 1043 3815 vit.
1057 3759 1296 3837 Lysand.
1314 3762 1401 3816 Ad
1414 3762 1567 3817 hunc

1632 1289 1869 1350 miserat,
1883 1287 2133 1340 vincebat
2150 1307 2163 1338 ε
2180 1286 2262 1337 sin
2288 1306 2463 1338 canem
2477 1286 2651 1354 (Pas)

1632 1367 1955 1421 vincebatur
1979 1385 1994 1418 t
2018 1364 2145 1418 ideo
2180 1367 2463 1419 senionem
2477 1368 2651 1432 ferre

1634 1447 1767 1501 dicit
1781 1448 2011 1509 Persius,
2024 1448 2133 1500 hoc
2146 1461 2241 1508 est,
2254 1447 2477 1500 lucrum
2491 1464 2649 1499 con-

1636 1530 1816 1584 cuiue
1834 1549 1849 1580 :-
1880 1541 1933 1582 at
1961 1547 2149 1581 canem
2181 1531 2387 1589 radere,
2417 1525 2481 1579 id
2510 1539 2603 1580 est
2622 1563 2645 1589 ,

1635 1610 1785 1664 illato
1816 1608 2015 1662 damno
2034 1647 2051 1672 ‚
2072 1627 2189 1661 rem
2214 1609 2488 1662 minuere.
2510 1610 2645 1660 An-

1634 1691 1973 1763 tiquissimus
1990 1702 2174 1742 autem
2191 1689 2427 1745 talorum
2442 1688 2610 1740 lusus
2626 1726 2647 1748 ,

1636 1783 1689 1824 et
1703 1771 1795 1822 tali
1810 1772 2078 1840 cuj-nsque
2091 1769 2265 1822 forma
2277 1768 2409 1820 huic
2422 1779 2644 1820 nostro

1632 1850 1821 1902 similis
1839 1888 1856 1913 ,
1874 1869 1937 1902 ac
1960 1848 2243 1902 distinctio
2263 1866 2365 1919 per
2380 1861 2603 1918 puncta
2620 1885 2645 1912 ,

1634 1949 1663 1982 a
1686 1947 1918 1984 numero
1946 1948 1967 1982 1
1986 1967 2005 1993 ,
2026 1946 2199 2000 usque
2227 1925 2297 1980 ad
2326 1929 2381 1978 6.
2404 1924 2513 1978 Sed
2544 1926 2643 1978 lu-

1637 2010 1809 2065 dendi
1834 2009 2033 2064 modus
2062 2028 2220 2082 aque
2246 2009 2509 2060 incertus.
2527 2005 2639 2059 ‘Ad

1634 2091 1751 2146 haec
1774 2092 1949 2144 fusius
1980 2089 2206 2142 Adrian.
2240 2083 2489 2142 Turneb.
2518 2086 2643 2140 Ad-

1635 2190 1776 2224 vers.
1811 2172 1909 2225 lib.
1933 2170 2008 2235 V,
2030 2188 2153 2242 cap.
2196 2171 2229 2221 6
2246 2206 2263 2234 ‚
2286 2181 2341 2222 et
2363 2167 2599 2222 XXVII
2622 2203 2642 2229 ,

1638 2270 1759 2325 cap.
1788 2251 1839 2304 3.
1876 2249 1941 2304 C.
1962 2262 2014 2303 et
2030 2251 2095 2302 A.
2522 2309 2527 2317 Ι

1712 2339 1800 2399 49.
1828 2336 2083 2383 Damnosa
2114 2321 2391 2399 canicula}
2413 2332 2643 2381 Canicu-

1638 2416 1802 2463 culam
1846 2412 1869 2480 (
1885 2410 2025 2478 l’as)
2077 2408 2392 2463 damnosam
2428 2421 2593 2461 vocat
2612 2445 2641 2472 ,

1637 2491 1816 2566 quod,
1848 2504 2119 2565 quantum
2149 2492 2292 2545 lucri
2320 2494 2457 2542 senio
2490 2492 2513 2559 (
2528 2490 2641 2561 qui

1638 2573 1765 2626 ideo
1780 2572 1971 2626 dexter
1986 2572 2213 2641 dicitur)
2226 2612 2242 2638 ,
2258 2584 2475 2625 tantum
2484 2569 2641 2623 dam-

1639 2654 1697 2707 ni
1724 2652 1969 2707 canicula
1993 2654 2177 2705 ferret.
2200 2652 2260 2703 Ρ.

1714 2744 1803 2797 50.
1852 2747 2083 2812 Angusta!
2132 2744 2259 2792 collo
2314 2760 2413 2791 non
2449 2742 2639 2807 fallier

1640 2822 1816 2893 orcoe.]
1840 2824 2049 2880 Orcum,
2072 2820 2275 2873 Graecis
2296 2822 2443 2892 ὕρχην
2462 2860 2479 2885 ,
2496 2840 2635 2891 pro·

1640 2904 1761 2977 prie
1774 2903 2042 2957 vocabant
2060 2920 2155 2954 vas
2178 2900 2406 2953 modicae
2426 2899 2640 2973 capaci-

1642 2984 1783 3037 tatis.
1807 2983 1924 3035 Hoc
1946 2983 2071 3035 loco
2084 3020 2101 3045 ,
2122 2980 2449 3035 describitur
2468 2978 2640 3032 ludus

1641 3082 1885 3142 nucum,
1920 3081 2034 3135 quo
2068 3063 2304 3115 maxime
2341 3061 2503 3133 pueri
2536 3059 2641 3113 de-

1642 3145 1983 3199 lectabantur
2013 3164 2026 3195 ι
2064 3162 2189 3197 uam
2230 3144 2289 3196 in
2334 3155 2480 3196 terra
2512 3160 2640 3195 vas-

1644 3226 1836 3280 culum
1870 3224 2151 3298 quoddam
2182 3221 2487 3294 defigebant
2517 3259 2537 3285 ‚
2574 3222 2639 3274 in

1642 3305 1797 3381 quod
1837 3304 2101 3358 mediocri
2154 3303 2413 3357 distantes
2454 3303 2635 3355 inter-

1639 3388 1802 3449 vallo,
1814 3387 1973 3458 pueri
1987 3404 2157 3439 nuces
2172 3384 2461 3457 jaciebant:
2480 3380 2639 3455 unde

1644 3466 1810 3522 Ovid.
1836 3466 1906 3520 de
1928 3467 2083 3519 Nuce
2108 3486 2122 3517 z

1644 3564 1740 3611 vas
1754 3578 1943 3623 quoque
1958 3576 2076 3623 sape
2090 3576 2254 3607 cavum
2270 3558 2421 3621 spatio
2434 3558 2639 3607 distante

1706 3632 2103 3763 Inlssotiluinissa
2133 3700 2227 3748 levi
2256 3715 2353 3746 nux
2386 3697 2515 3746 cadit
2544 3712 2641 3745 una

1770 3788 1927 3820 manu.

644 3931 708 3977 V.
748 3930 832 3987 48.
869 3947 1120 3979 summum.
1155 3931 1314 3981 Codd.
1347 3933 1661 3983 Mammam
1676 3968 1693 3992 ‚
1716 3935 1939 3984 Colbert.
1982 3933 2119 3983 8055
2136 3967 2151 3993 ,
2180 3931 2417 3982 Fauchet.
2452 3940 2507 3979 et
2534 3940 2641 3979 tres

567 4008 652 4057 alii
667 4026 872 4071 summo;
893 4023 942 4061 et
953 4010 1221 4078 significat:
1232 4028 1261 4079 J
1267 4028 1352 4061 ure
1365 4029 1383 4060 .·
1405 4013 1579 4063 etenim
1596 4013 1653 4063 id
1664 4025 1775 4063 erac
1786 4030 1973 4063 susumo
1982 4024 2105 4062 voto
2114 4048 2133 4071 ,
2152 4012 2275 4061 scire
2286 4010 2427 4077 quid,
2444 4020 2541 4060 etc.
