2775 4619
580 312 667 396 34

1098 312 1182 374 A.
1237 309 1614 400 PERsu
1680 311 2069 378 FLAcm

1386 456 1802 506 rassin&

662 550 752 612 Ut
777 549 1017 612 ramale
1043 563 1227 612 vetus
1246 597 1263 631 ,
1288 547 1658 638 praegrandi
1683 550 1919 615 subere
1943 565 2229 618 coctum.

1259 687 1930 730 Anvnnsan1us

662 776 997 860 Quidnam
1025 776 1223 866 igitur
1252 794 1554 844 tenerum
1569 827 1588 860 ‚
1615 795 1680 844 et
1706 780 1862 874 laxa
1881 783 2133 848 cervice
2157 784 2518 874 legendum
2539 785 2572 850 ?

1376 919 1797 964 rnns1uffi

666 1009 876 1074 Torva
898 1009 1334 1084 ⁴Mimalloneis
1370 1012 1713 1100 inplerunt
1745 1035 1986 1078 cornua
2017 1016 2252 1080 bombis
2273 1041 2298 1080 .·

655 1125 747 1188 Et
771 1141 1025 1214 raptum
1051 1126 1263 1190 vitulo
1298 1143 1498 1217 caput
1521 1128 1828 1193 ablatura
1854 1131 2113 1218 superbo
2180 1143 2187 1152 ‘

560 1331 759 1398 pingui.
783 1327 902 1382 Hoc
923 1342 1002 1381 est
1017 1367 1032 1392 ‚
1058 1336 1217 1400 φλοιοῦ
1248 1332 1396 1401 gaes-“ov
1411 1369 1427 1395 ‚
1449 1349 1547 1383 seu

569 1407 829 1481 φλοιῶδες.
858 1411 946 1463 Sic
972 1410 1119 1462 enini
1147 1410 1321 1462 Graeci
1348 1423 1547 1463 vocant

564 1489 849 1559 nugatoria
866 1526 884 1553 ‚
904 1501 957 1540 et
978 1505 1095 1558 quoe
1115 1486 1310 1541 vitiosa
1330 1493 1546 1541 tu'ment

563 1565 963 1640 magnitudine.
992 1567 1057 1619 C.

635 1665 729 1718 97.
746 1653 819 1698 ‘Ut
832 1651 1023 1698 ramale
1042 1650 1227 1717 vetus]
1244 1647 1544 1719 Responsio

562 1729 735 1782 Persii
743 1729 1026 1802 allegorica
1040 1749 1056 1796 3
1073 1729 1445 1800 metaphoram
1457 1728 1549 1781 ad-

559 1807 778 1863 versarii
803 1807 1111 1863 continuat.
1148 1807 1395 1861 Grandes
1423 1809 1546 1880 qui-

560 1889 687 1943 dem
707 1930 723 1956 ,
754 1889 941 1961 inquit
962 1928 978 1951 ,
1014 1903 1068 1943 et
1110 1890 1371 1942 sublimes
1414 1903 1545 1943 suut

559 1969 781 2042 Virgilii
808 1987 1029 2036 versus,
1055 1969 1151 2024 scd
1185 1979 1297 2022 non
1331 1969 1502 2023 inflati
1527 1990 1540 2022 ε

555 2051 729 2102 immo
744 2089 760 2114 ,
774 2052 925 2104 velut
945 2053 1086 2104 cocti
1104 2063 1235 2103 sunt
1252 2061 1306 2102 et
1325 2063 1542 2104 maturo

553 2129 767 2199 judicio
785 2132 1044 2201 perfecti3
1066 2131 1267 2183 similes
1284 2149 1436 2183 ramo
1452 2151 1544 2185 ve-

557 2211 695 2274 teri,
716 2229 912 2280 magno
948 2211 1203 2282 quidem,
1234 2210 1329 2264 sed
1367 2212 1545 2264 calore

558 2289 687 2341 solis
706 2302 761 2342 et
787 2301 934 2341 aetate
963 2294 1057 2343 sua
1078 2302 1233 2343 cocto
1252 2302 1307 2343 et
1330 2292 1544 2362 perfec-

557 2382 634 2421 to.
654 2369 718 2420 C.
739 2401 809 2410 —
826 2375 988 2421 Cocco.
1008 2370 1213 2423 Coetus
1240 2370 1544 2442 opponitur

559 2448 759 2502 crude.
780 2482 851 2490 ——
871 2454 1071 2503 Subere.
1122 2450 1298 2503 Suber
1322 2488 1339 2515 ‚
1379 2452 1543 2503 arbor

556 2543 742 2579 crassae
779 2527 1017 2580 corticis.
1055 2526 1202 2581 Plin.
1238 2526 1336 2579 lib.
1364 2528 1542 2594 XVI,

484 2644 491 2653 ι
552 2622 674 2679 cap.
704 2608 753 2659 8.
782 2606 845 2659 Ρ.

625 2688 714 2755 98.
764 2690 1012 2753 Quidnam
1057 2689 1210 2755 igitur
1254 2700 1492 2741 tenerum.
1513 2688 1532 2759 ]

552 2766 786 2839 Ecquod
806 2779 935 2839 ergo
954 2785 1171 2821 carmen
1193 2768 1294 2820 tihi
1316 2768 1538 2821 tandem

552 2843 1169 2921 probabiturP—-Laoea‘
1204 2852 1402 2901 cervice.
1445 2850 1538 2901 Al-

551 2928 693 2980 lusio
716 2928 784 2980 ad
811 2928 1158 2981 recitationes
1185 2948 1304 3000 quae
1334 2928 1546 2989 fiebant.

554 3006 625 3059 de
652 3009 858 3080 scripto
880 3046 896 3073 ‚
924 3027 1092 3081 quare
1118 3010 1320 3062 Graecis
1339 3011 1534 3063 recita-

552 3100 699 3140 tores
715 3102 983 3141 vocantur
1000 3094 1042 3143 οἱ
1062 3092 1509 3162 ἀναγιγνώσκοντες
1520 3130 1538 3159 ,

554 3165 653 3237 qui
667 3166 906 3219 molliter
918 3169 1237 3235 recitabant,
1248 3171 1409 3222 etiam
1427 3190 1542 3223 cer-

552 3246 730 3299 vicem
761 3264 861 3297 suo
903 3245 1140 3316 quodam
1178 3260 1232 3299 et
1270 3250 1537 3319 peculiari

470 3372 478 3379 .
554 3323 722 3377 modo
737 3323 1091 3379 inflectebant
1106 3344 1119 3377 z
1136 3327 1183 3378 is
1197 3329 1404 3399 quippe
1419 3348 1538 3383 mos

554 3426 614 3459 ac
629 3419 811 3478 gestus
826 3406 1183 3459 delicatorum
1200 3422 1253 3461 et
1264 3417 1534 3481 τρυφητῶν.

552 3488 634 3537 De
656 3487 761 3538 hoc
781 3486 977 3553 vitioso
1004 3504 1158 3539 more
1178 3488 1534 3541 recitantium

553 3564 672 3619 vid.
698 3584 863 3636 supra
888 3565 955 3618 ad
974 3584 1027 3619 v.
1056 3583 1141 3637 1‘7.
1162 3566 1226 3620 C.

625 3669 718 3721 99.
740 3659 893 3704 Torva
913 3654 1266 3717 Mimalloneis,
1286 3660 1538 3726 etc.]1ro-

511 3801 516 3808 ·
554 3731 677 3785 nice
694 3734 989 3804 respondet
1006 3735 1222 3789 Persius
1238 3778 1256 3803 ,
1276 3750 1331 3790 et
1349 3738 1538 3792 festive

570 3830 576 3837 ⁴
668 3832 675 3837 ,
880 3810 885 3832 l

2523 1161 2626 1196 100

1625 1339 1731 1392 pro
1774 1324 2030 1396 exemplo
2075 1325 2238 1378 affert
2271 1345 2462 1380 versus
2511 1329 2626 1383 Ne-

1625 1405 1776 1456 ronis
1803 1424 1832 1458 e
1859 1406 2082 1461 Bacchis
2108 1406 2426 1480 desumptos
2451 1412 2479 1479 (
2502 1425 2625 1467 vet.

1626 1487 1800 1539 schol.
1829 1511 1850 1532 α
1867 1488 2034 1540 verba
2070 1489 2306 1542 Neronis
2336 1504 2492 1543 sunt.
2517 1517 2542 1538 ι
2567 1496 2628 1564 ),

1628 1564 1727 1635 qui
1751 1577 1805 1616 et
1833 1565 2084 1620 laborant
2113 1565 2301 1620 eadem
2327 1568 2417 1622 illa
2440 1573 2625 1623 affec-

1625 1644 1832 1696 tatione
1859 1645 2102 1717 rhythmi
2131 1645 2200 1698 de
2230 1667 2336 1718 qua
2355 1651 2626 1719 superius

1627 1731 1706 1772 est
1751 1719 1995 1786 dictum,
2037 1741 2384 1795 quorumque
2423 1727 2626 1779 tenuis

1625 1817 1814 1852 sensus
1841 1801 2140 1854 verborum
2182 1804 2382 1855 tumori
2413 1819 2472 1858 et
2507 1807 2620 1860 fra-

1625 1882 1747 1953 gori
1771 1882 1996 1934 minime
2027 1883 2340 1955 respondet.
2357 1885 2624 1938 C.--Tor-

1624 1981 1698 2012 να.
1735 1962 1782 2013 Α
1818 1963 2078 2016 terrendo
2107 2001 2122 2028 ,
2161 1966 2317 2037 quasi
2352 1979 2513 2019 cerva.
2551 1999 2626 2012 —·

1621 2045 1959 2094 Mimalloneis.
1978 2043 2173 2096 Mimas
2188 2085 2204 2110 ,
2223 2045 2392 2098 Ioniae
2412 2065 2587 2100 mons
2603 2088 2622 2114 ,

1622 2121 1680 2173 in
1711 2141 1824 2194 quo
1853 2123 2001 2195 orgia
2034 2123 2236 2178 Bacchi·
2259 2126 2623 2180 celebraban-

1627 2215 1755 2254 tur:
1784 2203 1915 2255 hinc
1951 2203 2280 2258 Bacchantes
2316 2205 2479 2259 dictae
2511 2209 2624 2261 Mi·

1625 2283 1905 2339 mallones.
1941 2285 2055 2339 Vid
2088 2287 2270 2341 Strab.
2308 2288 2408 2341 lib.
2443 2291 2620 2345 X.—

1628 2365 1853 2417 Comua.
1887 2366 2480 2437 Tubas.—Imple1⁴unt.
2518 2373 2616 2424 In·

1623 2441 1798 2496 flarun
1807 2450 2126 2498 t.--Bombis.
2144 2446 2442 2501 Sonitibus.
2458 2457 2617 2502 Bom-

1625 2526 1740 2584 δας,
1761 2526 1987 2596 proprie
2014 2544 2180 2579 sonus
2195 2566 2212 2593 ‚
2235 2546 2402 2599 quem
2429 2530 2616 2583 edunt

1621 2618 1780 2673 apes;
1817 2620 1940 2673 quae
1974 2622 2122 2669 vox,
2157 2606 2264 2657 hoc
2297 2606 2453 2670 loco,
2498 2626 2616 2660 non

1620 2682 1788 2753 magis
1833 2685 2203 2751 conveniens,
2255 2689 2424 2757 quam
2477 2702 2619 2739 torva

1619 2782 1723 2836 pro
1747 2764 1974 2818 incurva
1993 2804 2011 2831 ,
2040 2764 2263 2818 inflexa.
2293 2765 2356 2817 P.

1697 2860 1815 2895 100.
1829 2850 1894 2895 Et
1910 2860 2106 2913 raptum
2126 2849 2308 2907 viculo,
2328 2850 2448 2915 eea]
2474 2874 2497 2894 ιι
2510 2850 2614 2901 Vi-

1623 2948 1645 2972 ι
1667 2925 1814 2978 tulus
1832 2965 1848 2991 ,
1882 2927 2068 2998 inquit
2107 2928 2460 2981 Casauhonus
2480 2969 2500 2995 ‚
2530 2944 2612 2983 est

1621 3028 1646 3052 c
1665 3004 2202 3079 Pentheus‚propter
2217 3008 2489 3081 adjectam
2513 3030 2611 3063 vo-

1623 3111 1646 3134 ·
1670 3104 1789 3139 cem
1828 3092 2050 3154 superbo.
2077 3113 2099 3135 a
2128 3090 2200 3143 Et
2225 3088 2381 3141 addit
2405 3108 2419 3141 t
2455 3116 2480 3137 α
2505 3092 2615 3145 Vel

1621 3196 1644 3217 ι
1670 3180 1750 3221 est
1776 3176 1950 3241 ταῦρος
1979 3168 2178 3241 &pte-‘rig
2203 3190 2218 3223 t
2251 3190 2412 3237 nam,
2445 3174 2611 3226 etiam
2640 3209 2644 3213 -

1623 3272 1646 3293 ι
1667 3246 1817 3319 apud
1849 3249 2176 3320 Euripidem
2206 3250 2434 3303 Bacchae
2462 3253 2612 3303 vitu-

1623 3352 1646 3374 «
1665 3327 1747 3379 los
1786 3328 2050 3381 occidunt
2076 3349 2260 3384 vaccas
2289 3343 2346 3384 et
2381 3343 2567 3385 tauros
2593 3354 2609 3383 τ

1623 3448 1806 3473 .....
1832 3422 1897 3472 Αἱ
1919 3416 1977 3473 δὲ
2006 3422 2296 3493 νεμομέναις
2326 3422 2474 3491 χλόην

1621 3528 1644 3549 ι
1668 3502 1890 3569 Μόσχοις
1933 3503 2136 3559 ἐπῆὶθον
2174 3504 2330 3573 χειρὸς
2366 3498 2610 3637 ἀᾳιδνῖρου

1701 3584 1900 3652 «μέτα.

1621 3687 1644 3709 ι
1664 3652 1817 3715 Ᾰλλαι
1849 3658 1909 3713 δὲ
1933 3653 2171 3733 δαμάλας
2195 3658 2446 3733 διεφόρουν
2474 3683 2609 3716 σπα·

1701 3767 1724 3789 «
1749 3742 1990 3813 ροὶγμασι.

570 3908 577 3913 “
626 3908 693 3959 'V-
722 3910 1239 3997 972Praegrandi21u
1267 3917 1402 3967 notis
1435 3918 1540 3968 suia
1570 3918 1765 3987 scripsit
1797 3921 2080 3997 Casaubon.
2101 3920 2392 3988 vaegrandt',
