2775 4619
885 475 1286 548 SATIRA
1347 478 1405 546 1.
1747 475 1763 516 ⁸

2090 484 2235 556 25.

217 604 272 673 N
275 628 342 672 ec
372 627 614 670 manus
645 605 964 670 auriculas
995 607 1244 670 imitata
1271 622 1368 672 est
1393 604 1657 672 mobilis
1685 606 1855 671 albas
1864 631 1891 688 -3

217 722 342 786 Nec
365 722 622 810 linguae
648 736 905 785 tantum
922 768 941 802 ,
969 719 1144 786 sitiat
1169 719 1350 786 canis
1378 721 1640 810 Appula
1666 737 2015 808 quantum.
2105 733 2177 784 60

219 835 342 902 Vos
356 885 377 919 .,
409 837 454 902 ὃ
483 837 800 926 patricius
833 837 1088 928 sanguis
1110 883 1128 918 ‚
1153 858 1321 925 quos
1345 836 1563 902 vivere
1584 836 1690 924 jus·
1712 852 1809 902 est

152 1054 276 1108 facile
287 1054 352 1106 sit
365 1073 394 1106 a
408 1054 544 1106 fuco
563 1072 756 1107 eorum
774 1053 877 1107 sibi
891 1071 1076 1110 cavere
1093 1089 1112 1118 ‚

153 1137 227 1207 qui
240 1155 412 1188 coram
431 1134 722 1188 laudarent
737 1174 754 1198 ‚
771 1154 808 1194 a
819 1147 970 1208 tergo
991 1136 1115 1188 sub-

154 1227 424 1267 sannarent.
439 1213 630 1267 C.-o
647 1214 860 1267 felicem
871 1253 887 1280 ,
901 1215 1083 1287 inquit
1094 1252 1111 1280 ‚

155 1295 320 1345 Janum
334 1333 349 1359 ‚
375 1313 549 1366 quem
594 1293 888 1346 bifrontem
926 1294 1112 1347 nullus

157 1372 503 1428 subsannavit!
535 1374 638 1435 At,
657 1389 778 1437 vos,
809 1375 844 1424 ὁ
873 1373 1117 1443 patricii,

160 1453 285 1523 queis
328 1451 523 1504 datum
567 1452 750 1506 vivere
798 1451 913 1504 sine
947 1453 1119 1505 oculis

159 1532 202 1584 in
220 1533 461 1604 occipitio
481 1572 499 1598 ,
530 1544 713 1585 cavete
743 1549 812 1585 ne
840 1529 1120 1586 derideant

161 1631 183 1664 a
207 1625 338 1684 tergo
369 1612 548 1666 iidem
569 1652 586 1679 ‚
619 1613 716 1684 qui
751 1631 780 1664 a
820 1612 996 1666 fronte
1022 1631 1118 1667 vos

160 1693 442 1764 praedicant.
485 1693 759 1746 Caeterum
784 1730 800 1756 ‚
835 1693 950 1746 haec
987 1712 1118 1766 apo-

165 1774 348 1844 strophe
361 1775 567 1826 salibus
583 1785 636 1826 et
650 1773 934 1848 festivitate
944 1774 1119 1846 plena,

165 1865 261 1922 post
275 1873 486 1906 versum
518 1855 588 1907 68
617 1851 815 1905 melius
841 1873 963 1907 meo
983 1853 1118 1927 qu'a-

165 1932 406 2006 licumque
423 1931 646 2007 judicio
669 1933 867 1987 flueret
885 1971 901 1998 ‚
923 1947 976 1988 et
997 1955 1119 2008 per-

167 2015 400 2084 ciperetur
415 2053 432 2081 ,
453 2015 518 2066 in
539 2016 690 2067 hunc
713 2013 973 2068 modum:
1043 2003 1052 2012 ’

168 2159 176 2169 .
206 2159 215 2169 .
245 2160 255 2170 .
289 2159 299 2172 .
331 2127 552 2174 Calidum
572 2127 658 2174 scis
678 2141 856 2189 ponere
877 2145 1057 2176 sumen.

163 2195 209 2258 Et
231 2213 376 2242 verum
396 2229 410 2254 ,
434 2197 600 2258 inquis
614 2230 628 2253 ,
649 2214 786 2254 amo;
807 2215 970 2246 verum
1000 2200 1118 2247 mihi

263 2269 396 2315 dicito
419 2269 484 2315 de
506 2285 604 2316 me.

167 2338 240 2395 Qui
248 2341 371 2400 pote?
381 2340 448 2387 vis
463 2341 623 2387 dicam
633 2341 656 2385 Ρ
669 2340 886 2404 Nugas-is,
896 2342 1002 2389 cnm
1012 2342 1116 2400 tibi,

265 2410 384 2457 calve
397 2446 411 2466 ,

164 2480 322 2543 Pinguis
349 2482 644 2545 aqualiculus
670 2498 910 2546 propenso
940 2486 1117 2549 sesqui-

264 2552 376 2612 pede
397 2563 571 2599 exstet.

167 2621 260 2679 Quis
266 2624 422 2685 populi
433 2640 596 2671 sermo
613 2627 714 2673 ent?
727 2627 844 2685 Quis
855 2627 1014 2675 enimi*
1026 2628 1118 2678 nisi

262 2696 454 2741 carmina
471 2696 614 2741 molli

167 2762 280 2810 Nune
307 2765 494 2813 demum
523 2783 722 2815 numero
749 2768 924 2827 fluere,
946 2781 1001 2819 ut
1029 2786 1118 2835 per

265 2836 358 2883 leve
376 2854 568 2885 severos

165 2902 356 2954 Effundat
362 2910 586 2969 junctura
600 2926 797 2975 ungues.
815 2912 912 2959 scit
926 2912 1120 2960 tendere

268 2992 442 3026 versum
455 3016 472 3037 ,

166 3046 256 3092 Non
267 3065 391 3098 secus
405 3066 460 3099 nc
478 3053 519 3098 si
538 3053 676 3099 oculo
693 3053 932 3102 rubricam
946 3054 1120 3117 dirigat

267 3136 357 3168 nno.
376 3138 389 3168 t

164 3186 251 3235 Sive
261 3206 372 3252 opus
385 3193 434 3239 in
444 3209 604 3241 mores
613 3228 627 3251 ,
643 3195 700 3241 in
708 3195 874 3242 luxum
882 3230 896 3252 ,
913 3195 964 3243 in
975 3212 1118 3258 pran-

268 3260 340 3309 dia
355 3280 520 3327 regum
545 3300 560 3322 ,

166 3327 312 3379 Dicere
335 3350 405 3381 res
436 3337 641 3399 grandes
667 3348 832 3385 nostro
865 3339 948 3386 dat
973 3340 1121 3389 .Musa

267 3418 428 3463 poetae.

166 3470 202 3515 0
225 3474 352 3520 Iane!
385 3492 412 3522 a
440 3487 578 3541 tergo
610 3494 752 3542 quem
782 3480 911 3527 nulla
942 3481 1120 3529 ciconia

265 3558 432 3605 pinsit3

166 3613 252 3660 Nec
272 3632 428 3666 manus
462 3620 696 3669 auriculas
718 3622 904 3683 imitata,
918 3634 988 3672 est
1014 3640 1116 3672 mo-

270 3686 374 3735 bilis
391 3693 549 3749 alban

165 3753 250 3801 Nee
279 3758 440 3823 linguae
476 3773 691 3823 tantum,
725 3765 850 3813 sitiat
881 3768 1006 3813 cunis
1027 3768 1118 3829 Ap-

266 3832 372 3891 pula
397 3846 637 3897 quantum.

1192 1055 1318 1112 Vos,
1344 1058 1374 1100 ὁ
1390 1053 1613 1115 patricius
1640 1056 1829 1120 sanguis
1841 1085 1859 1114 ,
1881 1070 2003 1120 quos
2024 1059 2182 1106 vivere

1321 1126 1391 1170 'us
1410 1135 1480 1172 est
1932 1168 1937 1172 .

1193 1142 1397 1257 Oecissiti
1404 1209 1541 1254 caco,
1556 1196 1749 1260 postico
1760 1199 1997 1247 occurrite
2006 1216 2174 1247 sanna.

1199 1378 1271 1387 —
1291 1349 1443 1414 Quem
1474 1352 1614 1401 nulla
1648 1351 1839 1402 ciconia
1864 1354 2039 1418 pinsit.
2070 1351 2177 1404 Pro

1199 1429 1437 1499 generali
1463 1432 1629 1483 verbo
1662 1434 1997 1492 subsannare,
2016 1438 2179 1503 poeta

1198 1521 1306 1562 tres
1337 1510 1543 1581 species
1572 1512 2049 1566 subsannationum
2076 1532 2179 1582 po-

1197 1589 1326 1642 suit.
1347 1590 1563 1662 Digitus
1582 1590 1648 1643 ad
1670 1590 1897 1645 modum
1923 1593 2085 1646 rostri
2105 1593 2179 1645 ci-

1191 1669 1366 1722 conia
1395 1683 1646 1724 extensus
1667 1685 1748 1725 est
1770 1673 2012 1746 primum
2031 1672 2181 1727 deri·

1193 1750 1370 1803 sionis
1387 1751 1624 1822 signum.
1648 1751 1713 1805 P.

1271 1830 1359 1899 59.
1381 1835 1485 1882 Nec
1502 1851 1676 1883 manus
1690 1837 1978 1902 auriculas-J
1991 1834 2179 1906 Appo-

1197 1909 1312 1962 sitis
1331 1908 1401 1964 ad
1429 1923 1671 1982 tempora
1694 1913 1985 1983 pollicibus
2003 1950 2020 1978 ,
2044 1913 2179 1964 alios

1199 1988 1397 2061 digitos
1430 2003 1483 2043 et
1515 1993 1780 2064 reliquam
1812 2010 2034 2045 manum
2062 2011 2177 2044 mo-

1196 2088 1322 2122 vere
1339 2105 1358 2134 ‚
1387 2087 1453 2122 eo
1472 2070 1641 2123 modo
1662 2091 1774 2143 quo
1798 2073 1979 2124 asinus
2000 2083 2181 2127 movet

1195 2167 1372 2215 aures,
1382 2150 1613 2204 alter-um
1623 2149 1907 2206 derisionis
1918 2170 2087 2224 genus
2095 2191 2107 2203 .
2120 2149 2182 2202 P.

1271 2233 1360 2282 60.
1405 2233 1513 2306 Nec·
1544 2235 1729 2302 linguae
1776 2249 1967 2285 tantum
1981 2271 1999 2295 ,
2042 2234 2174 2305 eta]

1193 2309 1353 2365 Ordo
1375 2325 1486 2365 estt
1508 2330 1611 2367 nec
1632 2314 1868 2387 (supple
1886 2316 1979 2368 cui
2000 2316 2179 2385 Jano)

1198 2402 1417 2445 tantum
1455 2392 1655 2465 linguas
1696 2395 1974 2459 exeritur,
2004 2412 2179 2467 quan-

1198 2483 1318 2524 tum
1333 2472 1504 2549 exerit
1516 2474 1665 2543 canis
1679 2475 1915 2547 Appula.
1934 2478 2183 2527 Britanni-

1195 2570 1296 2602 cus.
1308 2582 1380 2592 —-
1392 2556 1495 2605 Nee
1518 2556 1719 2622 lingua.
1738 2555 2006 2627 Linguam
2020 2573 2179 2608 -exer-

1196 2642 1307 2684 tare
1357 2630 1426 2684 ad
1476 2634 1859 2687 contumeliam
1889 2670 1908 2699 ,
1956 2635 2179 2691 tertium
2256 2704 2264 2709 .

1195 2710 1483 2767 derisionis
1528 2731 1714 2785 genus.
1772 2714 1943 2769 Divus
1998 2726 2179 2767 autem

1200 2791 1564 2866 Hieronymus
1594 2795 1655 2847 in
1692 2793 1851 2866 epist.
1890 2794 1961 2847 ad
1997 2795 2180 2847 Rusti-

1197 2890 1326 2926 cum
1367 2876 1729 2940 monachum‚
1754 2875 1831 2927 sic
1860 2894 1873 2925 :
1905 2877 1981 2926 Ne
2008 2878 2181 2926 credas

1197 2957 1539 3006 laudatoribus
1554 2993 1571 3015 ‚
1606 2958 1697 3021 qui
1711 2991 1729 3015 ,
1763 2959 1875 3005 eiam
1916 2968 1963 3006 te
1995 2958 2177 3007 adula-

1196 3036 1409 3084 tionibus
1434 3037 1530 3093 suis
1541 3036 1767 3101 foverint
1776 3071 1796 3095 ,
1824 3037 1871 3085 si
1892 3038 2049 3085 subito
2076 3053 2177 3086 res-

1191 3116 1390 3180 pexeris
1405 3151 1423 3173 ,
1452 3128 1543 3165 aut
1574 3116 1875 3165 ciconiarum
1908 3116 2179 3186 deprehen-

1197 3194 1279 3241 des
1295 3205 1413 3258 pose
1436 3204 1481 3243 te
1507 3194 1634 3242 colla
1659 3195 1885 3253 curvari,
1908 3207 2000 3243 aue
2022 3212 2177 3245 manu

1196 3272 1447 3322 auriculas
1462 3273 1651 3339 agitari
1672 3274 1805 3323 asini
1816 3310 1834 3334 ,
1850 3288 1947 3324 aut
1964 3289 2181 3327 ‹estuan-

1199 3364 1294 3403 tem
1311 3355 1449 3403 canis
1460 3356 1696 3419 protendi
1716 3356 2028 3422 linguam.—-
2034 3358 2179 3407 Canis

1197 3437 1414 3500 Appula.
1432 3434 1627 3505 Apulia
1650 3434 1857 3489 fervida
1886 3448 1967 3489 est
1995 3434 2176 3506 regio';

1198 3525 1272 3579 et,
1288 3526 1351 3566 ut
1357 3527 1514 3567 vocat
1523 3514 1665 3567 Hora
1670 3526 1705 3566 t.
1718 3518 1975 3566 siticulosa.
1984 3517 2043 3569 C.
2054 3527 2109 3567 et
2118 3515 2176 3565 P.

1268 3598 1357 3647 61.
1387 3598 1631 3647 Patricius
1651 3599 1897 3663 sanguis-‚J
1924 3594 2177 3653 Patricio-

1195 3691 1322 3727 rum
1344 3671 1444 3725 filii
1472 3685 1526 3725 et
1552 3674 1795 3744 nepotes.
1818 3673 2181 3742 Designantur

1197 3753 1439 3807 hocloco
1459 3755 1687 3826 quilibet
1712 3754 1919 3807 nobiles
1934 3754 2179 3807 Romani.

1199 3832 1386 3886 Horat.
1416 3835 1533 3886 Art.
1563 3834 1713 3887 Poet.
1740 3839 1833 3883 Vos
1861 3834 1892 3885 ὅ
1913 3836 2180 3901 Pompilius

222 4000 279 4045 V·
303 4002 383 4051 61.
405 3993 596 4055 Ius-esc.
621 4009 810 4057 Omnes
833 4008 934 4071 fere
955 4009 1104 4058 codd.
1135 4020 1186 4059 et
1213 4011 1329 4060 edd.
1357 4008 1647 4076 habentsas
1667 4023 1751 4060 ese.
1768 4014 1883 4061 Vet.
1908 4013 2070 4061 schol.
2085 4014 2177 4078 jus

169 4087 235 4125 ese.
251 4082 379 4133 nane
395 4085 512 4137 lect.
537 4088 870 4153 praetulimus·
891 4091 1107 4145 Colbert.
1128 4093 1177 4140 11
1192 4126 1207 4155 ‚
1227 4108 1433 4159 quoque
1444 4092 1531 4158 jus
1551 4103 1631 4143 est.
1654 4092 1839 4143 Noster
1866 4090 2075 4157 cod.fas
2094 4104 2178 4141 esc.
