2775 4619
497 371 580 438 36

1018 371 1099 434 A.
1149 325 1525 435 PERsn
1589 366 1974 437 FLACCI

1153 515 1854 559 Anvnnsnnlns.

525 609 709 676 Sed
745 608 909 698 quid
945 631 1110 698 opus
1148 626 1397 674 teneras
1432 589 1723 676 mordaci
1758 607 1987 695 radere
2016 631 2179 677 vero

573 726 946 790 Auriculas.
933 723 961 772 ἶ)
987 724 1189 806 Vide,
1225 726 1350 806 sis,
1390 747 1473 790 ne
1509 726 1831 812 majorum
1867 726 1991 792 tibi
2020 726 2189 804 forte

577 840 834 906 Limina
867 839 1229 929 frigescant.

1285 949 1718 1010 tensium

1235 1051 1440 1116 Sonat
1473 1050 1583 1116 hie
1618 1051 1701 1116 de
1738 1055 1905 1117 nare
1926 1054 2163 1120 canina

572 1167 834 1232 Littera.
859 1167 984 1232 Per
1005 1187 1112 1232 me
1133 1165 1441 1254 equidem
1467 1167 1599 1231 sint
1622 1168 1843 1231 omnia
1863 1166 2165 1256 protinus
2190 1168 2334 1233 alba
2351 1217 2371 1252 ,
2422 1194 2531 1232 no

483 1362 650 1416 scabit
670 1380 686 1427 ;
727 1359 882 1433 qnod
927 1357 1183 1412 omnibus
1223 1369 1416 1411 notum
1442 1378 1457 1411 ε

480 1441 632 1497 unde
660 1461 773 1494 non
796 1440 1000 1494 mirum
1019 1478 1036 1504 ‚
1057 1439 1100 1491 si
1127 1457 1425 1492 exsuccum
1442 1476 1460 1503 ,

483 1541 684 1577 enerve
711 1533 768 1576 et
797 1521 1014 1574 elumbe
1041 1537 1257 1572 carmen
1286 1518 1461 1572 Nero-

477 1604 566 1656 nis
593 1614 707 1668 est3
735 1603 863 1655 oiim
881 1639 899 1665 ‚
922 1600 1038 1652 sine
1067 1597 1281 1652 delectu
1300 1637 1316 1662 ‚
1345 1599 1463 1651 sine

477 1681 692 1745 labore,
713 1680 829 1732 sine
847 1679 1114 1733 anxietate
1133 1678 1302 1730 animi
1319 1695 1465 1730 com·

479 1761 726 1834 positum
767 1759 956 1813 suerit.
987 1790 1058 1799 -
1084 1761 1187 1809 Nec
1219 1761 1463 1808 demorsos

476 1844 608 1908 sapit
624 1860 825 1909 ungues.
846 1837 1014 1904 Quod
1031 1838 1165 1890 boni
1183 1843 1358 1910 po‘e'tae
1377 1855 1460 1889 so-

475 1922 614 1976 lent.
632 1921 824 1974 Horat.
846 1933 944 1973 sat.
963 1919 1055 1971 lib.
1075 1919 1125 1984 1,
1149 1936 1226 1969 ιο.
1247 1919 1309 1969 L.
1323 1919 1452 1970 etP.

555 2021 677 2073 107.
708 2003 807 2053 Sed
821 2002 948 2068 quid
959 2019 1111 2066 opus,
1140 1999 1246 2069 etc-J
1275 1999 1457 2050 Ratio-

478 2102 577 2137 nes
603 2101 722 2135 suas
749 2101 778 2134 a
805 2081 990 2134 Persio
1011 2072 1183 2133 elusa's
1208 2099 1346 2150 oegre
1375 2081 1456 2132 fe-

469 2181 603 2218 rens
630 2160 964 2215 adversarius
999 2159 1171 2211 minas
1207 2158 1451 2212 adhibet.

475 2274 548 2285 —-
567 2247 785 2294 Tener-as.
802 2280 814 2292 .
829 2280 842 2292 .
859 2279 871 2292 .
911 2243 1179 2292 aun'culas.
1221 2240 1455 2292 Neronis

473 2336 531 2377 et
551 2312 883 2395 principum.
894 2352 967 2362 --
977 2324 1216 2372 Mordaci.
1231 2358 1244 2370 .
1259 2358 1270 2370 .
1286 2358 1299 2371 .
1315 2340 1456 2372 vero.

473 2408 542 2459 Τὸ
572 2406 740 2466 ἀληθὲς
762 2404 963 2475 πικρόν,
991 2402 1146 2456 aiunt
1171 2396 1457 2459 Graeci.—

472 2486 678 2535 Radere.
696 2480 1013 2553 Metaphora
1033 2500 1062 2533 a
1080 2481 1329 2544 medicis,
1353 2480 1453 2553 qui

471 2563 698 2616 vulnera
717 2560 942 2634 putrida
966 2560 1145 2613 cultro
1165 2558 1370 2613 radunt
1387 2576 1451 2611 ae

468 2656 731 2716 purgant.
756 2642 820 2693 P.

547 2724 661 2775 108.
681 2724 828 2784 Vide,
843 2723 946 2793 εἰσ]
968 2726 1057 2784 Sis,
1071 2721 1292 2793 antiqua
1305 2720 1451 2772 locu·

470 2800 551 2854 tio
571 2821 676 2873 pro
695 2805 739 2852 si
753 2804 834 2852 ‘vis
849 2840 866 2863 ,
887 2815 950 2854 ut
974 2804 1139 2860 sodes,
1162 2818 1265 2871 pro
1291 2803 1334 2849 si
1353 2819 1450 2848 au·

466 2888 566 2934 des.
580 2915 650 2924 —
668 2888 738 2934 Ne
770 2887 1012 2953 majorum
1046 2884 1148 2931 eibi.
1165 2916 1178 2930 .
1194 2918 1206 2930 .
1223 2917 1236 2931 .
1277 2882 1451 2931 limina

453 2964 750 3032 frigescant.
783 2964 942 3017 Time
977 2960 1314 3033 potentiores
1329 3000 1347 3027 ,
1374 2980 1447 3013 ne

397 3074 400 3083 ι
465 3043 542 3098 ita
568 3045 807 3097 offensos
829 3044 1053 3106 habeas,
1079 3053 1144 3093 ut
1171 3038 1370 3113 frigide
1393 3053 1446 3093 te

465 3124 765 3195 excipiant,
781 3135 834 3175 et
847 3123 911 3174 ab
926 3121 1156 3175 amicitia
1170 3122 1334 3175 simul
1347 3134 1404 3175 et
1418 3139 1449 3176 a

464 3203 828 3256 familiaritate
846 3219 941 3252 sua
964 3198 1277 3253 excludant.
1289 3204 1451 3254 Vete-

461 3300 551 3334 res
566 3282 891 3351 interpretes
915 3279 1289 3344 Britannicus,
1310 3282 1358 3333 J.
1380 3281 1446 3332 Β.

461 3360 594 3413 Pius
611 3399 629 3425 ‚
670 3358 1030 3412 Nebrissensis
1047 3396 1064 3422 ‚
1102 3359 1449 3413 Murmellius

461 3440 619 3493 aliter
651 3458 665 3489 t
704 3435 821 3491 vid.
865 3458 928 3488 ne
964 3442 1137 3490 limina
1179 3442 1448 3511 majorum

461 3518 597 3573 fiant
620 3518 721 3571 tibi
735 3517 935 3585 frigida
963 3520 1191 3572 horrore
1219 3520 1409 3572 mortis
1426 3558 1443 3586 ‚

459 3600 596 3651 fiant
613 3598 710 3650 tibi
727 3600 994 3666 mortifera.
1011 3600 1250 3653 Imitatio
1268 3600 1444 3653 Hora-

459 3680 630 3775 tiana,
649 3690 744 3731 sat.
768 3678 866 3731 lib.
898 3679 990 3745 ΙΙ,
1020 3699 1081 3745 1,
1109 3682 1208 3733 60:

464 3792 930 3806 ..........
965 3762 1008 3806 Ο
1023 3776 1176 3822 puer,
1197 3770 1251 3808 ut
1269 3762 1332 3806 sis

460 3830 632 3877 'vitalis
647 3835 821 3886 metuo,
829 3832 1062 3893 maiorum
1075 3844 1135 3881 ne
1149 3833 1254 3895 quis
1265 3833 1453 3879 amicus·

459 3902 656 3963 Frigore
675 3911 722 3948 te
742 3900 906 3949 feriat!
1320 3905 1379 3951 A.

537 3996 658 4049 109.
693 3984 848 4035 Sonat
883 3979 964 4034 lu‘c
1001 3984 1064 4035 de
1101 4002 1224 4035 nare
1257 3984 1442 4036 canina

1539 1361 1743 1427 lietera]
1750 1358 1879 1412 Haec
1892 1359 2081 1414 Persio
2094 1361 2282 1427 tribui,
2291 1363 2463 1434 juven
2470 1374 2529 1416 te

1540 1438 1860 1490 casaubono
1875 1477 1890 1504 ,
1926 1441 2003 1492 sic
2040 1459 2054 1491 ε
2098 1465 2121 1486 ι
2142 1441 2269 1494 Non
2311 1441 2526 1494 incom-

1545 1543 1568 1566 ι
1589 1516 1754 1571 mode
1772 1517 1959 1572 Persio
1978 1533 2201 1591 possent
2219 1521 2335 1575 hoec
2353 1521 2526 1576 verba

1546 1623 1569 1645 ι
1591 1599 1763 1651 tribui
1787 1616 1800 1649 ε
1832 1611 1953 1652 tum
1990 1612 2169 1654 autem
2204 1601 2285 1652 Ιιῖι·
2314 1602 2522 1666 fuerit,

1543 1703 1567 1726 ι
1586 1679 1645 1730 in
1658 1680 1838 1732 verbis
1851 1680 1982 1743 tuis,
1999 1682 2075 1732 mi
2086 1682 2343 1734 monitor.
2362 1685 2383 1751 (
2396 1681 2525 1734 Scis.

1547 1784 1569 1805 ι
1589 1771 1744 1811 sonat
1776 1759 1836 1810 in
1862 1760 2043 1813 verbis
2074 1761 2185 1812 tuis
2214 1761 2395 1814 littera
2432 1779 2522 1814 ca-

1542 1861 1564 1884 ·
1586 1838 1763 1906 nina.)
1790 1839 1865 1897 Et
1885 1856 2071 1892 sensus
2107 1840 2243 1906 erit,
2269 1841 2524 1914 intelligo

1541 1943 1564 1965 ι
1586 1917 1724 1990 quid
1734 1917 1868 1972 velis
1881 1939 1894 1970 ε
1911 1921 2216 1991 periculum
2228 1921 2377 1974 enim
2386 1941 2523 1994 prae-

1542 2024 1565 2046 ι
1586 2017 1706 2052 sens
1731 1999 2058 2066 denuntias,
2082 2003 2130 2054 si
2151 2003 2209 2054 in
2230 2003 2521 2097 proposito

1543 2104 1565 2125 ι
1586 2097 2004 2156 permanseron
2026 2113 2098 2122 —
2116 2083 2335 2134 Littera
2321 2083 2519 2136 canina

1536 2172 1615 2212 est
1632 2165 1709 2220 λς
1731 2161 1871 2213 hanc
1901 2161 2050 2214 enim
2076 2181 2233 2216 canes
2250 2161 2519 2217 videntur

1536 2240 1866 2311 exprimere,
1885 2240 2045 2305 dum,
2059 2241 2321 2295 restrictis
2336 2241 2518 2308 labiis,
2566 2241 2569 2244 ⁴

1537 2323 1749 2370 itn'catos
1773 2340 1823 2370 se
1851 2319 2189 2391 significant,
2208 2334 2373 2395 atque
2398 2322 2519 2377 hir-

1533 2400 1705 2454 riunt.
1731 2400 1971 2453 Lucilius
1994 2420 2010 2452 z

1529 2517 1716 2564 Irritata
1736 2520 1891 2577 canis,
1913 2519 2044 2583 quod
2069 2536 2123 2566 η·
2146 2538 2291 2585 quam
2307 2525 2519 2587 plurima

1654 2590 1797 2637 dieat.

1530 2715 1603 2725 —
1628 2692 1788 2737 Sonat
1824 2686 1906 2739 1150
1943 2691 2007 2740 de
2042 2708 2165 2741 nare
2204 2694 2404 2742 canina.
2443 2694 2515 2745 Je

1529 2781 1695 2837 pense
1722 2770 1971 2838 toujours
2005 2788 2111 2841 que
2136 2770 2301 2823 Perse
2322 2770 2515 2827 donne

1528 2864 1599 2898 au
1626 2848 1835 2918 portier
1864 2868 1971 2901 une
1995 2849 2185 2903 nerine
2212 2850 2283 2903 de
2308 2851 2466 2905 chien
2486 2874 2513 2920 ;

1528 2946 1691 2999 parce
1708 2929 1881 2999 qu’un
1902 2930 2115 3001 por-tier
2144 2932 2241 3001 qui
2258 2950 2289 2983 a
2304 2931 2512 2986 l'ordre

1526 3014 1593 3061 de
1610 3028 1711 3061 son
1726 3010 1921 3063 main-e
1936 3014 2003 3063 de
2021 3030 2157 3065 vous
2176 3013 2403 3067 exelure
2414 3050 2433 3077 ‚
2450 3032 2515 3067 se

1524 3102 1640 3143 met
1687 3094 1719 3143 ὰ
1759 3091 2031 3161 gromeler
2074 3090 2207 3147 dans
2254 3112 2309 3146 su
2333 3095 2470 3167 -loge
2488 3132 2513 3160 ,

1526 3170 1774 3241 lorsqu’il
1816 3189 1955 3225 vous
1998 3173 2136 3227 voit.
2182 3174 2321 3227 sans
2364 3186 2511 3228 cette

1528 3252 1844 3323 metaphore
1860 3290 1878 3316 ‚
1902 3252 2163 3307 l'endroit
2194 3245 2283 3307 n’e
2312 3274 2407 3327 pas
2434 3254 2513 3309 de

1528 3350 1669 3385 sens.
1690 3337 1911 3385 Diderot.
1928 3336 1985 3387 Is
2004 3348 2187 3389 autem
2206 3336 2323 3395 hnc
2340 3374 2357 3401 ,
2384 3344 2509 3391 Sota
2548 3387 2553 3398 ,

1529 3412 1609 3463 bfo
1627 3416 1691 3463 de
1705 3433 1829 3465 nare
1844 3434 1954 3465 ean.
1974 3413 2285 3469 adversario
2302 3416 2509 3470 tribue·

1526 3492 1621 3545 bat
1642 3530 1660 3556 ‚
1684 3508 1749 3548 ut
1772 3494 1934 3548 multi
1958 3495 2283 3567 interpretes
2303 3534 2320 3562 ‚
2348 3510 2402 3551 et
2426 3497 2507 3549 in-

1528 3570 1804 3641 telligebat
1831 3570 1901 3624 de
1932 3572 2166 3643 janitore
2200 3574 2467 3627 hin-iente
2484 3612 2507 3639 ,

1524 3663 1581 3705 et
1630 3652 1859 3705 domino
1909 3670 2013 3705 suo
2065 3652 2323 3706 molestos
2376 3655 2509 3727 reJi·

1524 3733 1723 3787 ciente.
1760 3738 1825 3785 A.
1888 3788 1893 3795 ,

1598 3842 1719 3877 ῐῐο.
1748 3832 1847 3876 Per
1876 3846 1955 3877 me
1980 3828 2205 3894 equidem
2228 3828 2354 3887 sinc,
2380 3831 2505 3895 ete.)

1520 3902 1809 3957 Concessio
1843 3904 2053 3959 ironica
2070 3944 2088 3970 ‚
2118 3918 2172 3959 et
2196 3905 2505 3959 festivitatis

1519 3982 1681 4055 plena
1698 4020 1716 4049 ,
1743 4002 1909 4057 qnam
1940 3984 2153 4040 felicius
2184 3985 2346 4041 etiam
2374 3985 2502 4039 imi·
