2775 4619
899 403 1318 510 fsATIRA
1385 358 1514 471 VL

2130 404 2249 494 173

263 531 454 601 Haec
488 537 706 600 cinere
735 534 1011 598 ulterior
1040 531 1334 598 metuas?
1363 534 1453 596 At
1482 547 1557 594 tu
1575 578 1594 613 ,
1620 551 1802 596 meus
1832 529 2053 610 heres,

263 653 614 739 Quisquis
639 651 764 715 eris
786 699 804 731 ‚
833 651 1099 738 paulum
1135 673 1172 714 a
1203 649 1398 713 turba
1426 645 1757 712 seductior
1784 645 1959 710 audi.

269 765 338 828 O
379 767 595 830 boue!
629 787 788 828 num
824 762 1132 852 ignoras?
1166 763 1364 828 Missa
1392 778 1553 842 esta
1580 762 1823 826 Caesare
1850 761 2069 826 laurus
2093 831 2110 847 ,

173 966 381 1020 omnia
397 1003 418 1032 ,
442 979 506 1019 ut
523 965 738 1020 viliores
758 964 979 1031 rustici,
1003 963 1188 1036 quales

175 1061 324 1100 sunt
351 1046 464 1118 qui
490 1047 698 1099 foenum
721 1058 930 1108 secant,
953 1043 1190 1096 lautitias

178 1127 530 1198 quoesiverin
537 1139 574 1178 t.
589 1157 660 1166 -—
675 1129 936 1177 Vitiorum.
974 1123 1188 1192 Additis

178 1203 572 1258 condimentis
589 1243 605 1269 ‚
637 1206 790 1277 quasi
817 1205 1191 1258 violarunt—-

185 1289 434 1354 Unguen.
463 1287 712 1338 Un'ctura
729 1323 745 1349 ‚
775 1283 1189 1337 condimentum

183 1381 470 1418 crassum.
494 1365 615 1417 Vet.
635 1366 800 1417 schol.
828 1390 850 1410 κ
869 1366 1055 1419 Solent
1074 1383 1192 1418 rus-

189 1471 215 1491 ·
239 1445 382 1508 tici,
413 1447 543 1498 cum
577 1445 761 1497 oleum
793 1444 1061 1509 defuerit,
1091 1464 1188 1517 pe-

193 1550 218 1572 ·
239 1525 465 1578 endum
483 1524 642 1597 adipe
669 1525 725 1576 in
755 1527 965 1597 pultem
993 1526 1154 1577 misso
1173 1563 1188 1588 ‚

195 1628 220 1650 κ
241 1623 357 1676 pro
405 1605 529 1656 oleo
577 1605 671 1655 uti.
693 1629 715 1650 n
745 1635 816 1644 —-
840 1609 1018 1654 Pultes.
1047 1604 1190 1657 Vide

190 1686 407 1738 Juven.
437 1695 532 1737 sat.
553 1685 635 1736 XI
654 1723 669 1749 ,
690 1705 746 1738 v.
773 1687 838 1738 58
856 1723 873 1749 ‚
893 1686 1052 1748 XIV,
1077 1703 1191 1755 171.

269 1772 340 1828 41
356 1805 370 1818 .
397 1771 522 1818 Hoec
545 1768 707 1816 cinere
728 1766 932 1816 ulterior
949 1765 1186 1835 metuasi’]

193 1848 384 1898 Avaro
419 1845 719 1917 respondet·
741 1845 891 1914 :UHas
927 1857 989 1897 tu
1023 1846 1194 1898 minas

199 1928 285 1980 tui
297 1926 528 1980 heredis
549 1939 777 1990 metue3‚
792 1930 919 1979 cum
937 1927 1040 1978 eris
1056 1946 1199 1979 mor-

199 2021 338 2060 tuus
355 2007 383 2060 Ρ
419 2008 526 2060 Has
551 2008 721 2079 igitur
753 2010 877 2079 jure
895 2045 910 2070 ‚
937 2009 1066 2060 cum
1093 2009 1197 2060 eris

203 2091 374 2140 cinere
404 2091 609 2138 ulterior
623 2107 646 2147 ,·
675 2085 769 2140 sed
801 2104 949 2138 nunc
968 2124 984 2150 ‚
1004 2087 1160 2139 vivus
1181 2123 1198 2152 ,

209 2167 355 2239 quid
403 2182 630 2223 metuas.
663 2199 735 2210 -
763 2171 933 2218 Cinere
981 2171 1196 2219 ulterior.

203 2247 538 2301 Notandum
569 2260 648 2301 est
679 2249 786 2300 hoc
812 2247 1077 2319 loquendi
1103 2267 1194 2320 ge-

209 2347 342 2390 nus,
361 2349 492 2401 pm,
514 2348 641 2382 cum
658 2330 826 2382 fueris
841 2330 950 2381 fato
965 2330 1200 2381 functus.

204 2408 299 2463 sie
323 2412 539 2475 Graeci,
566 2414 854 2481 περαιτέρω
889 2412 1092 2471 κόνεως,
1119 2411 1202 2461 ul·-

209 2500 295 2541 tra
336 2490 588 2553 cineres,
615 2508 718 2560 pro
757 2509 788 2541 a
825 2502 1022 2542 morte.
1045 2496 1206 2539 -Ac

212 2584 297 2631 tu,
327 2588 466 2622 meus
504 2572 673 2631 heres,
701 2585 791 2621 etc.
818 2570 928 2622 Ubi
955 2570 1086 2622 alios
1113 2589 1199 2623 re-

212 2648 544 2719 prehendit,
567 2646 702 2720 quid
736 2650 852 2720 ipse
887 2649 1086 2702 sentiat
1116 2668 1198 2701 os·

213 2729 430 2782 tendit:
463 2732 615 2801 quasi
641 2731 810 2803 igitur
842 2729 1017 2782 dicat:
1047 2731 1200 2783 Alius

217 2806 324 2862 hoc
346 2810 567 2873 timeat,
593 2811 708 2862 scil.
737 2811 924 2864 timeat
945 2810 1110 2873 alius,
1133 2830 1204 2863 ne

216 2884 449 2943 heredes
473 2892 557 2943 sui
583 2890 788 2943 funeris
807 2910 1013 2943 coenam
1031 2891 1203 2963 negli-

220 2982 381 3038 gant3
411 2989 512 3041 ego
539 2971 676 3024 nihil
706 2971 887 3024 timeo.
909 2965 1116 3043 Atque.
1139 2985 1203 3025 ut

221 3062 314 3114 tu,
330 3052 411 3103 mi
429 3051 586 3103 heres
602 3088 618 3115 ,
644 3050 892 3122 quisquis
914 3052 1018 3103 eris
1033 3090 1050 3118 ,
1070 3052 1204 3104 scias

223 3145 311 3181 me
336 3148 577 3183 vacuum
601 3130 668 3183 ab
694 3130 802 3183 hoc
829 3142 981 3182 metu
1000 3168 1016 3195 ,
1043 3148 1206 3182 narro

223 3207 324 3259 tibi
337 3246 356 3274 ‚
369 3211 416 3263 si
437 3210 610 3262 nescis
624 3247 640 3274 ‚
659 3208 793 3261 mihi
815 3210 872 3261 in
893 3210 1074 3262 animo
1095 3228 1206 3263 esse

225 3286 391 3343 ludos
425 3287 585 3343 edere
619 3289 958 3361 magnificos,
978 3304 1208 3363 propter

227 3368 404 3423 laetam
451 3370 522 3424 de
572 3371 855 3424 Germanis
898 3373 1202 3425 victoriam.

229 3449 337 3504 Scis
356 3452 553 3524 quanti
572 3454 822 3523 sumptus
847 3471 963 3505 rem
984 3453 1207 3519 moliar;

231 3530 322 3583 sed
361 3531 445 3584 nil
479 3550 566 3584 me
605 3544 774 3585 terret
811 3533 1067 3603 impensae
1101 3552 1212 3585 ma-

234 3609 498 3677 gnitudo:
526 3611 732 3667 faciam.
771 3610 923 3677 Quid
953 3624 1017 3664 tu
1045 3614 1213 3683 igitur

237 3688 302 3743 ad
323 3691 440 3745 haec
457 3691 484 3743 Ξ)
509 3692 574 3745 C.

305 3777 394 3835 4²·
430 3775 659 3841 Quisquis
684 3774 820 3844 cria]
854 3774 1053 3827 Recte:
1087 3793 1214 3827 nam

238 3849 460 3906 heredes
489 3873 602 3906 non
636 3855 869 3909 habehat
900 3856 1214 3909 Persius.—

1267 968 1317 1014 A
1357 967 1503 1016 turba
1535 966 1793 1016 seductior.
1834 958 2075 1018 Remotis
2104 965 2247 1018 arbi-

1269 1043 1396 1096 tris:
1420 1045 1544 1114 quia
1563 1046 1725 1117 vulgo
1746 1045 2085 1116 philosophia
2104 1046 2249 1101 labo·

1269 1124 1422 1176 rabat
1446 1123 1652 1177 invidia
1676 1137 1843 1197 atque
1862 1124 2010 1178 odio,

1343 1201 1432 1264 43.
1480 1206 1522 1250 Ο
1562 1205 1719 1252 bone!
1748 1221 1866 1253 num
1901 1205 2172 1278 ignoras?]
2200 1213 2249 1261 Ω

1269 1290 1319 1334 τ’
1339 1283 1397 1334 ἂν
1428 1275 1547 1336 οἷσθ’
1575 1285 1599 1335 ὅ
1618 1303 1691 1335 σοι
1710 1283 1861 1348 λέξω;
1884 1285 2021 1336 mire
2042 1299 2252 1342 morata

1267 1362 1380 1414 haec
1400 1363 1573 1414 oratio
1592 1364 1849 1415 lectorem
1868 1376 2138 1417 attentum
2160 1365 2252 1420 de-

1268 1443 1427 1496 tinet.
1444 1471 1515 1482 —-
1530 1445 1677 1494 Missa
1700 1458 1772 1494 est
1788 1465 1821 1494 a
1854 1450 2042 1497 Caesare
2062 1451 2247 1500 laurus.

1267 1522 1419 1574 Num
1456 1535 1517 1574 tu
1555 1523 1767 1594 ignoras
1788 1523 1812 1574 Ρ
1830 1525 1877 1574 Α
1896 1523 2026 1577 Caio
2058 1525 2247 1580 Germ.

1269 1602 1512 1673 Caligula
1536 1603 1741 1656 Caesare
1763 1605 1949 1657 laurus
1966 1643 1983 1670 ‚
2006 1607 2252 1662 victoriae

1270 1681 1477 1747 index,
1507 1701 1635 1736 cum
1667 1684 1861 1738 litteris
1897 1685 1965 1738 ad
2003 1699 2252 1740 senatum
2310 1723 2323 1735 ·

1273 1763 1431 1815 missa
1454 1776 1563 1826 est,
1591 1763 1664 1815 ob
1692 1767 1958 1836 egregiam
1978 1767 2251 1820 Romano-

1273 1861 1401 1894 rum
1427 1843 1706 1896 victoriam
1723 1882 1739 1908 ‚
1766 1859 1819 1898 et
1851 1845 2119 1918 insignem
2146 1849 2251 1900 cla-

1275 1921 1401 1974 dem
1429 1935 1484 1974 et
1508 1935 1741 1995 stragem
1770 1925 2050 1978 Germanae
2072 1928 2253 1998 pubis.

1277 2003 1380 2054 Cui
1408 2003 1600 2054 victori
1621 2003 1936 2074 (Caligulae)
1951 2008 2062 2076 jam
2090 2010 2253 2060 sacri·

1275 2082 1399 2134 ficia
1442 2095 1495 2134 et
1530 2085 1757 2136 victimae
1804 2085 1861 2136 in
1909 2087 2258 2158 triumphum

1273 2175 1538 2236 parantur
1553 2200 1569 2227 ‚
1594 2174 1648 2216 et
1672 2163 1737 2215 ab
1765 2165 2020 2220 omnibus
2042 2168 2147 2219 aris
2165 2169 2261 2220 fri-

1275 2241 1433 2315 gidus
1449 2243 1727 2297 excutitur
1744 2245 1904 2311 cinis,
1920 2259 1973 2299 et
1987 2247 2167 2300 altaria
2187 2247 2258 2300 ad

1277 2324 1535 2377 sacrificia
1554 2339 1951 2397 praeparantur.
1976 2329 2117 2379 L.-
2129 2328 2265 2381 Por-

1277 2424 1342 2457 ro
1359 2406 1475 2457 haec
1493 2406 1769 2477 ingeniose
1790 2421 1846 2461 et
1866 2410 2077 2462 satirice
2090 2410 2147 2461 in
2166 2409 2263 2463 Ca·

1276 2484 1501 2555 ligulam
1522 2485 1721 2539 direxit
1738 2494 1901 2558 poeta
1921 2508 1933 2539 :
1954 2490 1999 2541 is
2020 2490 2229 2561 quippe
2242 2528 2260 2556 ,

1279 2568 1409 2618 cum
1436 2566 1777 2639 triumphare
1804 2570 1969 2622 vellet
1997 2570 2065 2622 de
2092 2572 2261 2622 simu-

1277 2645 1389 2697 lato
1406 2646 1561 2699 hoste
1576 2685 1592 2711 ,
1613 2648 1891 2700 victoriam
1919 2648 2078 2701 finxit
2097 2652 2261 2719 (con.-

1280 2726 1403 2777 chas
1434 2738 1646 2779 tantum
1666 2765 1681 2789 ‚
1700 2729 1858 2799 jussu
1889 2731 2005 2801 ejus
2024 2766 2040 2793 ,
2062 2730 2263 2781 milites
2286 2776 2290 2780 .

1283 2807 1342 2858 in
1380 2807 1565 2861 littore
1604 2808 1846 2879 legerant
1868 2810 1889 2879 )
1919 2828 1933 2871 3
1978 2821 2031 2861 et
2056 2848 2073 2873 ,
2109 2810 2265 2880 quasi

1284 2888 1585 2941 Germanos
1605 2889 1763 2960 longe
1782 2889 2000 2961 lateque
2017 2890 2230 2943 vicisset
2244 2928 2262 2955 ,

1282 2970 1541 3023 laureatas
1566 2971 1773 3023 litteras
1797 2969 1865 3022 ad
1891 2983 2138 3023 senatum
2162 2972 2264 3024 mi-

1283 3050 1380 3116 sit3
1400 3050 1671 3122 simulque
1689 3050 1802 3103 suis
1814 3053 2267 3121 procuratoribus

1286 3129 1563 3184 mandavit
1578 3172 1593 3196 ,
1617 3143 1679 3183 ut
1695 3169 1713 3197 ,
1736 3133 1961 3185 minima
1983 3134 2227 3205 impensa
2247 3171 2264 3197 ,

1287 3215 1451 3281 quam
1469 3210 2061 3283 magnificentissimum
2081 3214 2270 3266 trium-

1285 3292 1460 3363 phum
1482 3307 1808 3364 appararent
1828 3332 1845 3356 ‚
1866 3293 1989 3347 data
2009 3294 2074 3346 iis
2097 3293 2269 3347 licem

1285 3373 1358 3440 tia
1374 3410 1391 3437 ‚
1416 3385 1481 3425 ut
1507 3373 1562 3425 in
1586 3374 1838 3427 omnium
1864 3376 2070 3429 civium
2093 3374 2237 3427 bona
2252 3412 2270 3440 ,

1289 3451 1357 3505 ad
1384 3453 1491 3505 hoc
1514 3472 1717 3506 munus
1744 3453 2130 3527 exequendum
2147 3492 2163 3519 ,
2187 3455 2271 3504 in-

1289 3549 1593 3589 currerent.
1618 3535 1748 3588 vid.
1776 3535 1929 3588 Suet.
1953 3534 2011 3585 in
2036 3535 2147 3586 vita
2169 3534 2271 3586 Ca-

1292 3614 1387 3687 lig.
1422 3632 1543 3686 cap.
1585 3618 1653 3677 46
1673 3652 1688 3679 ,
1729 3622 1818 3684 47.
1856 3612 2153 3677 Quomodo
2186 3613 2275 3664 usi

1291 3694 1402 3747 sint
1420 3707 1799 3766 procuratores
1815 3732 1830 3757 ,
1850 3712 1948 3745 nos
1968 3692 2093 3745 satis
2114 3690 2275 3745 docet

1291 3769 1507 3827 Persius
1540 3775 1639 3826 hac
1683 3771 2070 3843 descriptione.
2106 3772 2275 3825 Caete·

1285 3874 1419 3931 gum
1432 3892 1449 3921 ,
1476 3854 1692 3928 Persius
1711 3852 1780 3905 ad
1796 3864 2093 3925 utrumque
2107 3870 2277 3925 genus

305 4032 371 4085 Y.
402 4038 486 4089 41.
510 4034 630 4085 Haec
657 4034 825 4085 cinere
847 4034 1062 4086 ulterior.
1083 4034 1205 4088 Cod.
1225 4037 1433 4085 Putean.
1458 4035 1562 4083 Hoc
1580 4032 1790 4083 cinerem
1809 4033 2027 4085 ulterior.
