2775 4619
567 426 714 511 ΒΧ
767 425 1080 492 LIBRo
1125 425 1229 502 vi
1287 426 1611 496 SATIR.
1986 431 2112 517 257

991 555 1053 610 'X
1069 555 1097 608 Ι
1115 554 1193 608 X.

137 655 475 728 Postquam
499 649 840 726 praesidium
865 650 1065 707 castris
1091 649 1340 707 educere
1365 649 1541 708 c‘revi.
1636 699 1643 706 .

1009 748 1070 804 X
1085 748 1161 804 X.

139 847 348 925 Major
375 855 502 903 erat
523 855 698 916 natu3
727 865 850 902 nou
875 844 1070 902 omnia
1098 827 1654 920 possumus‘omnea

996 943 1056 998 X
1073 943 1131 998 X
1147 944 1194 998 Ι.
1235 966 1247 976 κ

145 1039 487 1098 Custodem
514 1039 710 1096 classis
743 1037 1035 1114 catapulta
1055 1037 1251 1096 instila
1278 1037 1528 1096 sarissas.

963 1138 1023 1192 X
1040 1139 1143 1224 XJ
1160 1138 1207 1192 Ι.

146 1235 425 1292 Possime
453 1232 644 1304 elabi,
669 1252 744 1290 an
767 1252 942 1310 porro
968 1231 1270 1308 prodenda
1295 1232 1423 1291 dies
1444 1231 1539 1289 sit.

944 1332 1003 1386 X
1021 1332 1081 1387 X
1099 1334 1126 1387 1
1147 1333 1174 1386 1
1191 1333 1239 1386 1.

151 1433 406 1489 Seutam
433 1427 752 1506 lign'eolam
777 1427 1018 1486 cerebro
1043 1428 1252 1484 infixit.

455 1529 458 1534 ’
965 1528 1024 1582 X
1041 1527 1102 1583 X
1117 1527 1145 1580 Ι
1159 1526 1233 1581 V.

165 1664 589 1683 ...........
621 1625 849 1680 Interea
871 1634 981 1678 stat
1003 1621 1251 1679 seutihu’
1273 1632 1498 1698 pectus.

981 1720 1040 1776 X
1057 1720 1200 1777 XV.

106 1873 112 1880 .
167 1857 990 1877 .....................
1021 1818 1094 1874 Et
1119 1813 1376 1873 cruribu’
1400 1832 1569 1872 crura

156 1909 429 1974 Dilaxat.
989 1915 994 1922 '

379 1995 388 2004 ⁴
717 2057 728 2068 .
962 1995 1023 2050 X
1038 1994 1099 2049 X
1110 1997 1164 2053 V
1177 1996 1225 2050 1.

158 2074 483 2154 Adipatam
505 2070 755 2151 pultem.

945 2155 1008 2210 Χ
1023 2154 1083 2210 Χ
1093 2155 1146 2211 V
1158 2155 1187 2209 I
1205 2153 1253 2208 I.

159 2235 396 2295 Fiscina
421 2231 617 2292 fallaci
641 2232 906 2292 cumulo.

868 2380 1247 2403 mmmm
1250 2382 1342 2422 ⁹2¹&

391 2495 531 2561 Ex
584 2492 920 2561 LIBRO
973 2494 1086 2564 vl
1145 2462 1812 2564 SATIRARUM.

1076 2642 1124 2698 1.

165 2738 284 2799 Cui
311 2756 504 2817 neque
525 2738 864 2813 jumentum
887 2750 1008 2809 est,
1035 2756 1144 2797 nec
1173 2756 1371 2796 servus
1389 2782 1405 2809 ‚
1434 2759 1543 2797 nec
1572 2758 1767 2797 comes
1794 2738 1956 2797 ullus
1979 2782 1997 2812 ‚

165 2836 418 2915 Bulgam
439 2879 456 2907 ‚
488 2848 547 2893 et
563 2834 870 2913 'quidquid
896 2834 1073 2893 habet
1100 2854 1483 2894 nummorum
1500 2879 1517 2907 ‚
1546 2856 1747 2895 secum
1766 2836 1943 2895 habet
1967 2838 2091 2914 ipse
2108 2858 2125 2893 ι

91 3006 386 3073 quadrupes
421 2999 602 3052 auimal
634 3038 649 3062 ,
685 3018 864 3052 verum
908 3004 1072 3053 omnia
1226 3014 1309 3063 24.
1327 3008 1559 3056 Nonius:
1584 3010 1691 3055 Stat
1704 2983 1849 3055 eti*
1868 3006 2007 3073 quod
2022 3008 2130 3074 ple-

89 3086 327 3134 animalia
340 3085 550 3149 pecudes
565 3094 826 3133 vocantur.
1153 3102 1279 3135 num
1299 3099 1373 3136 est
1397 3088 1596 3135 dicitur.

173 3182 261 3228 19.
305 3165 505 3213 Nonius
536 3182 548 3212 t
587 3168 794 3214 Cernere
811 3188 851 3223 ,¹
872 3181 1075 3213 rursum
1229 3167 1310 3214 25.
1341 3167 1659 3232 Porphyrion
1679 3168 1735 3215 in
1758 3170 1928 3217 Horat.
1961 3170 2049 3219 lib.
2076 3172 2131 3231 Ι,

93 3247 376 3311 disponere.
649 3270 655 3277 ·
1157 3258 1246 3294 sat.
1268 3264 1287 3293 1
1305 3264 1321 3293 1
1343 3246 1476 3295 :Hoc
1491 3258 1580 3307 est,
1595 3249 1735 3312 quod
1750 3251 1974 3299 Lucilius
1992 3252 2059 3299 ait
2078 3252 2135 3299 in

171 3340 259 3376 20.
281 3322 567 3375 Macrobius
583 3360 600 3387 ‚
618 3326 752 3375 libro
767 3326 868 3385 VI,
887 3340 996 3391 cap.
1023 3342 1045 3373 1
1062 3361 1078 3386 ,
1158 3326 1339 3393 quinto
1368 3346 1379 3375 ε
1412 3340 1462 3375 et
1486 3328 1707 3377 cruribus
1743 3347 1891 3377 crura
1924 3331 2133 3395 dilaxqt.

95 3412 300 3459 Satur-n.
321 3407 385 3454 ad
405 3404 534 3455 illud
552 3408 730 3472 virgil.
1230 3410 1313 3455 26.
1339 3408 1595 3457 Charisius
1609 3443 1623 3469 ,
1642 3409 1732 3458 lib.
1759 3414 1808 3459 1:
1829 3410 2063 3459 Similiter
2084 3396 2137 3458 et*

94 3494 228 3532 Dicite
247 3491 422 3531 Pierides
434 3521 446 3540 ‚
463 3506 544 3530 uon
562 3494 691 3531 omnin
709 3498 913 3544 possumus
929 3508 1076 3532 omnes·
1157 3504 1288 3553 opus
1314 3485 1607 3553 pistorium,
1628 3492 1768 3555 quod
1798 3490 1947 3555 adipe
1970 3489 2130 3539 confi-

175 3583 260 3614 21.
284 3564 508 3615 Nonius:
537 3566 796 3632 Catapulta
814 3600 830 3625 ‚
852 3566 1078 3631 jaculum
1158 3568 1321 3627 citur,
1343 3570 1485 3617 omni
1510 3586 1687 3635 genere
1727 3571 1827 3618 dici
1859 3581 2053 3634 potest,
2081 3579 2131 3615 et

93 3647 230 3695 celer
244 3681 260 3706 ‚
277 3646 360 3694 vel
379 3646 567 3710 sagitta.
1155 3648 1240 3696 hic
1254 3650 1508 3713 adae'patus,
1531 3667 1635 3713 quo
1653 3650 1947 3713 intelligitur
1962 3648 2106 3712 panis
2118 3681 2133 3707 ,

176 3742 261 3774 αα.
300 3724 500 3774 Nouius
526 3743 538 3773 ι
574 3728 814 3787 Prodere,
844 3727 1046 3775 differre
1060 3762 1074 3787 ,
1155 3739 1243 3777 aut
1259 3724 1396 3777 aliud
1416 3730 1635 3793 aliquid,
1656 3730 1761 3777 haec
1782 3728 2013 3791 adipata,-
2031 3726 2132 3774 hoc

97 3806 182 3855 vel
205 3804 490 3853 excludere.
1156 3820 1257 3867 est,
1281 3808 1433 3872 pars‘,
1464 3819 1514 3856 et
1551 3809 1650 3857 hoc
1681 3807 1964 3871 adipatum,
2001 3824 2131 3873 opus

175 3887 260 3933 23.
277 3886 562 3933 Priscianus
577 3920 591 3944 ,
610 3882 817 3937 lib.'111:
837 3888 948 3936 Hoc
965 3904 1078 3935 scu·
1158 3888 1361 3939 scilicet.
2088 3898 2093 3903 “

101 3976 235 4022 tum,
270 3966 352 4013 vel
377 3965 488 4013 haec
517 3976 654 4013 scuta
664 4001 681 4023 ,
709 3968 763 4015 id
795 3978 897 4029 est,
920 3968 1078 4017 forma
1232 3984 1314 4030 27.
1342 3968 1543 4023 Sex-,vius
1568 3971 1620 4016 P.
1648 3967 1887 4018 Danielis.

97 4045 316 4095 rotunda
335 4044 531 4097 scutula
553 4056 606 4095 et
626 4047 838 4097 scutella.
1229 4065 1284 4121 ξι.
1313 4048 1542 4099 Nonius:
1564 4047 1754 4113 Bulga,
1777 4058 1849 4097 est
1876 4047 2134 4109 folliculus

1707 4155 1785 4221 Ι7
