<?xml version="1.0" encoding="UTF-8"?>
<!DOCTYPE html PUBLIC "-//W3C//DTD XHTML 1.0 Transitional//EN"
    "http://www.w3.org/TR/xhtml1/DTD/xhtml1-transitional.dtd">
<html xmlns="http://www.w3.org/1999/xhtml" xml:lang="en" lang="en">
 <head>
  <title>
</title>
<meta http-equiv="Content-Type" content="text/html;charset=utf-8" />
  <meta name='ocr-system' content='tesseract 3.04.00' />
  <meta name='ocr-capabilities' content='ocr_page ocr_carea ocr_par ocr_line ocrx_word'/>
</head>
<body>
  <div class='ocr_page' id='page_1' title='image "aulipersiiflacc00achagoog_0127.png"; bbox 0 0 2775 4619; ppageno 0'>
   <div class='ocr_carea' id='block_1_1' title="bbox 116 588 124 616">
    <p class='ocr_par' dir='ltr' id='par_1_1' title="bbox 116 588 124 616">
     <span class='ocr_line' id='line_1_1' title="bbox 116 588 124 616; baseline 0 0"><span class='ocrx_word' id='word_1_1' title='bbox 116 588 124 616; x_wconf 70' lang='grc' dir='ltr'><em>ὅ</em></span> 
     </span>
    </p>
   </div>
   <div class='ocr_carea' id='block_1_2' title="bbox 126 676 133 728">
    <p class='ocr_par' dir='ltr' id='par_1_2' title="bbox 126 676 133 728">
     <span class='ocr_line' id='line_1_2' title="bbox 126 676 133 728; baseline 0 0"><span class='ocrx_word' id='word_1_2' title='bbox 126 676 133 728; x_wconf 72' lang='lat'>³</span> 
     </span>
    </p>
   </div>
   <div class='ocr_carea' id='block_1_3' title="bbox 899 480 1537 583">
    <p class='ocr_par' dir='ltr' id='par_1_3' title="bbox 899 480 1537 583">
     <span class='ocr_line' id='line_1_3' title="bbox 899 480 1537 583; baseline 0.028 -17"><span class='ocrx_word' id='word_1_3' title='bbox 899 480 1314 576; x_wconf 73' lang='lat' dir='ltr'><strong>&#39;SATIRA</strong></span> <span class='ocrx_word' id='word_1_4' title='bbox 1371 515 1537 583; x_wconf 86' lang='lat'>111.</span> 
     </span>
    </p>
   </div>
   <div class='ocr_carea' id='block_1_4' title="bbox 2168 543 2251 610">
    <p class='ocr_par' dir='ltr' id='par_1_4' title="bbox 2168 543 2251 610">
     <span class='ocr_line' id='line_1_4' title="bbox 2168 543 2251 610; baseline 0.06 -4"><span class='ocrx_word' id='word_1_5' title='bbox 2168 543 2251 610; x_wconf 81' lang='lat'>83</span> 
     </span>
    </p>
   </div>
   <div class='ocr_carea' id='block_1_5' title="bbox 278 613 1869 837">
    <p class='ocr_par' dir='ltr' id='par_1_5' title="bbox 278 613 1869 837">
     <span class='ocr_line' id='line_1_5' title="bbox 285 613 1869 723; baseline 0.028 -48"><span class='ocrx_word' id='word_1_6' title='bbox 285 613 628 703; x_wconf 80' lang='lat' dir='ltr'>Quantum</span> <span class='ocrx_word' id='word_1_7' title='bbox 653 621 914 713; x_wconf 84' lang='lat' dir='ltr'>elargiri</span> <span class='ocrx_word' id='word_1_8' title='bbox 940 628 1200 715; x_wconf 85' lang='lat' dir='ltr'>deceat3</span> <span class='ocrx_word' id='word_1_9' title='bbox 1225 659 1423 723; x_wconf 81' lang='lat' dir='ltr'>quem</span> <span class='ocrx_word' id='word_1_10' title='bbox 1446 658 1511 707; x_wconf 85' lang='lat' dir='ltr'>te</span> <span class='ocrx_word' id='word_1_11' title='bbox 1536 644 1709 712; x_wconf 78' lang='lat' dir='ltr'>Deus</span> <span class='ocrx_word' id='word_1_12' title='bbox 1730 674 1869 721; x_wconf 82' lang='lat' dir='ltr'>esse</span> 
     </span>
     <span class='ocr_line' id='line_1_6' title="bbox 278 711 1855 837; baseline 0.025 -44"><span class='ocrx_word' id='word_1_13' title='bbox 278 711 516 817; x_wconf 65' lang='lat' dir='ltr'>Jussit3</span> <span class='ocrx_word' id='word_1_14' title='bbox 543 754 610 799; x_wconf 80' lang='lat' dir='ltr'>et</span> <span class='ocrx_word' id='word_1_15' title='bbox 641 738 927 806; x_wconf 81' lang='lat' dir='ltr'>humana</span> <span class='ocrx_word' id='word_1_16' title='bbox 953 770 1081 833; x_wconf 88' lang='lat' dir='ltr'>qua</span> <span class='ocrx_word' id='word_1_17' title='bbox 1102 769 1287 837; x_wconf 84' lang='lat' dir='ltr'>parte</span> <span class='ocrx_word' id='word_1_18' title='bbox 1313 755 1561 824; x_wconf 81' lang='lat' dir='ltr'>locatus</span> <span class='ocrx_word' id='word_1_19' title='bbox 1580 784 1648 827; x_wconf 86' lang='lat' dir='ltr'>es</span> <span class='ocrx_word' id='word_1_20' title='bbox 1672 766 1741 829; x_wconf 91' lang='lat' dir='ltr'>in</span> <span class='ocrx_word' id='word_1_21' title='bbox 1766 792 1855 834; x_wconf 84' lang='lat' dir='ltr'>re.</span> 
     </span>
    </p>
   </div>
   <div class='ocr_carea' id='block_1_6' title="bbox 180 1150 1180 1553">
    <p class='ocr_par' dir='ltr' id='par_1_6' title="bbox 180 1150 1180 1553">
     <span class='ocr_line' id='line_1_7' title="bbox 181 1150 1179 1235; baseline 0.022 -38"><span class='ocrx_word' id='word_1_22' title='bbox 181 1150 500 1221; x_wconf 87' lang='lat' dir='ltr'>ponebatur</span> <span class='ocrx_word' id='word_1_23' title='bbox 533 1154 893 1226; x_wconf 79' lang='lat' dir='ltr'>inquirenda3</span> <span class='ocrx_word' id='word_1_24' title='bbox 925 1163 1014 1215; x_wconf 73' lang='lat' dir='ltr'>hic</span> <span class='ocrx_word' id='word_1_25' title='bbox 1055 1186 1179 1235; x_wconf 85' lang='lat' dir='ltr'>per-</span> 
     </span>
     <span class='ocr_line' id='line_1_8' title="bbox 181 1234 1174 1315; baseline 0.019 -33"><span class='ocrx_word' id='word_1_26' title='bbox 181 1249 336 1282; x_wconf 85' lang='lat' dir='ltr'>sonae</span> <span class='ocrx_word' id='word_1_27' title='bbox 383 1234 648 1304; x_wconf 85' lang='lat' dir='ltr'><strong>qualitas:</strong></span> <span class='ocrx_word' id='word_1_28' title='bbox 683 1239 760 1289; x_wconf 84' lang='lat' dir='ltr'>ibi</span> <span class='ocrx_word' id='word_1_29' title='bbox 786 1276 799 1297; x_wconf 94' lang='lat'>‚</span> <span class='ocrx_word' id='word_1_30' title='bbox 837 1246 947 1314; x_wconf 83' lang='grc' dir='ltr'>περὶ</span> <span class='ocrx_word' id='word_1_31' title='bbox 989 1247 1174 1315; x_wconf 77' lang='grc' dir='ltr'>φύσεως</span> 
     </span>
     <span class='ocr_line' id='line_1_9' title="bbox 180 1312 1176 1391; baseline 0.022 -32"><span class='ocrx_word' id='word_1_32' title='bbox 180 1312 452 1381; x_wconf 60' lang='lat' dir='ltr'>agebatur</span> <span class='ocrx_word' id='word_1_33' title='bbox 471 1352 488 1377; x_wconf 90' lang='lat'>‚</span> <span class='ocrx_word' id='word_1_34' title='bbox 517 1315 608 1367; x_wconf 77' lang='lat' dir='ltr'>hic</span> <span class='ocrx_word' id='word_1_35' title='bbox 629 1354 642 1375; x_wconf 94' lang='lat'>‚</span> <span class='ocrx_word' id='word_1_36' title='bbox 678 1320 788 1390; x_wconf 84' lang='grc' dir='ltr'>περὶ</span> <span class='ocrx_word' id='word_1_37' title='bbox 818 1327 1066 1391; x_wconf 81' lang='grc' dir='ltr'>σχέσεως;</span> <span class='ocrx_word' id='word_1_38' title='bbox 1102 1342 1176 1381; x_wconf 87' lang='lat' dir='ltr'>et-</span> 
     </span>
     <span class='ocr_line' id='line_1_10' title="bbox 180 1391 1175 1465; baseline 0.018 -22"><span class='ocrx_word' id='word_1_39' title='bbox 180 1392 232 1445; x_wconf 83' lang='lat' dir='ltr'>si</span> <span class='ocrx_word' id='word_1_40' title='bbox 276 1410 390 1445; x_wconf 79' lang='lat' dir='ltr'>vox</span> <span class='ocrx_word' id='word_1_41' title='bbox 430 1391 520 1445; x_wconf 85' lang='lat' dir='ltr'>illa</span> <span class='ocrx_word' id='word_1_42' title='bbox 573 1400 739 1465; x_wconf 81' lang='grc' dir='ltr'><strong>σχέσις</strong></span> <span class='ocrx_word' id='word_1_43' title='bbox 764 1438 779 1459; x_wconf 90' lang='grc'><em>,</em></span> <span class='ocrx_word' id='word_1_44' title='bbox 821 1406 968 1455; x_wconf 80' lang='lat' dir='ltr'>varie</span> <span class='ocrx_word' id='word_1_45' title='bbox 1008 1410 1175 1459; x_wconf 87' lang='lat' dir='ltr'>sumi-</span> 
     </span>
     <span class='ocr_line' id='line_1_11' title="bbox 181 1472 1180 1553; baseline 0.019 -32"><span class='ocrx_word' id='word_1_46' title='bbox 181 1483 281 1522; x_wconf 85' lang='lat' dir='ltr'>tur</span> <span class='ocrx_word' id='word_1_47' title='bbox 309 1472 460 1543; x_wconf 85' lang='lat' dir='ltr'>apud</span> <span class='ocrx_word' id='word_1_48' title='bbox 503 1472 792 1543; x_wconf 56' lang='lat' dir='ltr'>auctoreS,⁴</span> <span class='ocrx_word' id='word_1_49' title='bbox 827 1500 968 1553; x_wconf 86' lang='lat' dir='ltr'>saepe</span> <span class='ocrx_word' id='word_1_50' title='bbox 1003 1484 1180 1539; x_wconf 78' lang='lat' dir='ltr'>tamen</span> 
     </span>
    </p>
   </div>
   <div class='ocr_carea' id='block_1_7' title="bbox 178 1553 1197 1633">
    <p class='ocr_par' dir='ltr' id='par_1_7' title="bbox 178 1553 1197 1633">
     <span class='ocr_line' id='line_1_12' title="bbox 178 1553 1197 1633; baseline 0.021 -33"><span class='ocrx_word' id='word_1_51' title='bbox 178 1565 266 1603; x_wconf 86' lang='lat' dir='ltr'>est</span> <span class='ocrx_word' id='word_1_52' title='bbox 286 1553 483 1605; x_wconf 89' lang='lat' dir='ltr'>relatio</span> <span class='ocrx_word' id='word_1_53' title='bbox 504 1556 670 1609; x_wconf 88' lang='lat' dir='ltr'>unius</span> <span class='ocrx_word' id='word_1_54' title='bbox 697 1558 764 1611; x_wconf 83' lang='lat' dir='ltr'>ad</span> <span class='ocrx_word' id='word_1_55' title='bbox 790 1562 1023 1617; x_wconf 85' lang='lat' dir='ltr'>alterum</span> <span class='ocrx_word' id='word_1_56' title='bbox 1044 1606 1060 1633; x_wconf 84' lang='lat'>,</span> <span class='ocrx_word' id='word_1_57' title='bbox 1083 1562 1197 1620; x_wconf 60' lang='lat' dir='ltr'>cus</span> 
     </span>
    </p>
   </div>
   <div class='ocr_carea' id='block_1_8' title="bbox 149 1634 1176 2928">
    <p class='ocr_par' dir='ltr' id='par_1_8' title="bbox 149 1634 1176 2928">
     <span class='ocr_line' id='line_1_13' title="bbox 173 1634 1173 1707; baseline 0.018 -23"><span class='ocrx_word' id='word_1_58' title='bbox 173 1634 431 1705; x_wconf 82' lang='lat' dir='ltr'><strong>jusmodi</strong></span> <span class='ocrx_word' id='word_1_59' title='bbox 454 1639 688 1707; x_wconf 80' lang='grc' dir='ltr'>σχέσεσι,</span> <span class='ocrx_word' id='word_1_60' title='bbox 711 1641 1173 1701; x_wconf 81' lang='lat' dir='ltr'>circumscribun-</span> 
     </span>
     <span class='ocr_line' id='line_1_14' title="bbox 177 1714 1176 1793; baseline 0.016 -28"><span class='ocrx_word' id='word_1_61' title='bbox 177 1727 276 1765; x_wconf 86' lang='lat' dir='ltr'>tur</span> <span class='ocrx_word' id='word_1_62' title='bbox 296 1714 527 1784; x_wconf 84' lang='lat' dir='ltr'>singulae</span> <span class='ocrx_word' id='word_1_63' title='bbox 547 1736 808 1787; x_wconf 85' lang='lat' dir='ltr'>personae.</span> <span class='ocrx_word' id='word_1_64' title='bbox 825 1724 910 1793; x_wconf 73' lang='lat' dir='ltr'>Jta</span> <span class='ocrx_word' id='word_1_65' title='bbox 931 1740 1074 1779; x_wconf 86' lang='lat' dir='ltr'>certe</span> <span class='ocrx_word' id='word_1_66' title='bbox 1095 1746 1176 1781; x_wconf 89' lang='lat' dir='ltr'>ac-</span> 
     </span>
     <span class='ocr_line' id='line_1_15' title="bbox 175 1794 1172 1881; baseline 0.02 -38"><span class='ocrx_word' id='word_1_67' title='bbox 175 1794 401 1865; x_wconf 85' lang='lat' dir='ltr'>cipiunt</span> <span class='ocrx_word' id='word_1_68' title='bbox 426 1798 614 1863; x_wconf 84' lang='lat' dir='ltr'>stoici,</span> <span class='ocrx_word' id='word_1_69' title='bbox 639 1803 765 1853; x_wconf 77' lang='lat' dir='ltr'>cum</span> <span class='ocrx_word' id='word_1_70' title='bbox 793 1804 990 1858; x_wconf 82' lang='lat' dir='ltr'><strong>docent</strong></span> <span class='ocrx_word' id='word_1_71' title='bbox 1011 1848 1027 1872; x_wconf 88' lang='lat'>.,</span> <span class='ocrx_word' id='word_1_72' title='bbox 1057 1810 1172 1881; x_wconf 90' lang='lat' dir='ltr'>ple-</span> 
     </span>
     <span class='ocr_line' id='line_1_16' title="bbox 174 1879 1173 1963; baseline 0.021 -38"><span class='ocrx_word' id='word_1_73' title='bbox 174 1894 428 1947; x_wconf 86' lang='lat' dir='ltr'>rumque</span> <span class='ocrx_word' id='word_1_74' title='bbox 451 1879 628 1932; x_wconf 83' lang='lat' dir='ltr'>officia</span> <span class='ocrx_word' id='word_1_75' title='bbox 655 1888 764 1944; x_wconf 81' lang='grc' dir='ltr'>ταῖς</span> <span class='ocrx_word' id='word_1_76' title='bbox 787 1889 988 1954; x_wconf 79' lang='grc' dir='ltr'>σχέσεσι</span> <span class='ocrx_word' id='word_1_77' title='bbox 1011 1913 1173 1963; x_wconf 77' lang='grc' dir='ltr'>παροι-</span> 
     </span>
     <span class='ocr_line' id='line_1_17' title="bbox 170 1952 1170 2043; baseline 0.02 -37"><span class='ocrx_word' id='word_1_78' title='bbox 170 1952 469 2027; x_wconf 53' lang='grc' dir='ltr'>μετρεῖσθαι</span> <span class='ocrx_word' id='word_1_79' title='bbox 487 1997 504 2024; x_wconf 74' lang='grc'><em>,</em></span> <span class='ocrx_word' id='word_1_80' title='bbox 525 1960 631 2013; x_wconf 91' lang='lat' dir='ltr'>hoc</span> <span class='ocrx_word' id='word_1_81' title='bbox 654 1977 730 2015; x_wconf 88' lang='lat' dir='ltr'>est</span> <span class='ocrx_word' id='word_1_82' title='bbox 747 2002 764 2027; x_wconf 83' lang='lat'>‚</span> <span class='ocrx_word' id='word_1_83' title='bbox 793 1964 952 2039; x_wconf 84' lang='lat' dir='ltr'>dirigi</span> <span class='ocrx_word' id='word_1_84' title='bbox 975 1970 1170 2043; x_wconf 85' lang='lat' dir='ltr'>hujus·</span> 
     </span>
     <span class='ocr_line' id='line_1_18' title="bbox 173 2034 1170 2119; baseline 0.019 -34"><span class='ocrx_word' id='word_1_85' title='bbox 173 2034 337 2087; x_wconf 88' lang='lat' dir='ltr'>modi</span> <span class='ocrx_word' id='word_1_86' title='bbox 370 2038 781 2096; x_wconf 86' lang='lat' dir='ltr'>conditionibus</span> <span class='ocrx_word' id='word_1_87' title='bbox 811 2066 871 2099; x_wconf 87' lang='lat' dir='ltr'>ac</span> <span class='ocrx_word' id='word_1_88' title='bbox 895 2050 1170 2119; x_wconf 84' lang='lat' dir='ltr'>qualitati-</span> 
     </span>
     <span class='ocr_line' id='line_1_19' title="bbox 169 2116 1170 2201; baseline 0.018 -34"><span class='ocrx_word' id='word_1_89' title='bbox 169 2116 284 2169; x_wconf 89' lang='lat' dir='ltr'>bus</span> <span class='ocrx_word' id='word_1_90' title='bbox 308 2137 432 2189; x_wconf 80' lang='lat' dir='ltr'>quae</span> <span class='ocrx_word' id='word_1_91' title='bbox 455 2123 657 2173; x_wconf 83' lang='lat' dir='ltr'>suntin</span> <span class='ocrx_word' id='word_1_92' title='bbox 686 2122 797 2177; x_wconf 83' lang='lat' dir='ltr'>uno</span> <span class='ocrx_word' id='word_1_93' title='bbox 827 2148 1051 2201; x_wconf 88' lang='lat' dir='ltr'>quoque</span> <span class='ocrx_word' id='word_1_94' title='bbox 1072 2134 1170 2185; x_wconf 88' lang='lat' dir='ltr'>ho-</span> 
     </span>
     <span class='ocr_line' id='line_1_20' title="bbox 169 2198 1170 2276; baseline 0.016 -27"><span class='ocrx_word' id='word_1_95' title='bbox 169 2200 345 2251; x_wconf 85' lang='lat' dir='ltr'>mine.</span> <span class='ocrx_word' id='word_1_96' title='bbox 367 2198 494 2253; x_wconf 79' lang='lat' dir='ltr'>Haec</span> <span class='ocrx_word' id='word_1_97' title='bbox 524 2200 745 2276; x_wconf 83' lang='lat' dir='ltr'>quoque</span> <span class='ocrx_word' id='word_1_98' title='bbox 762 2244 778 2270; x_wconf 91' lang='lat'>,</span> <span class='ocrx_word' id='word_1_99' title='bbox 802 2230 946 2275; x_wconf 80' lang='lat' dir='ltr'>quem</span> <span class='ocrx_word' id='word_1_100' title='bbox 973 2228 1018 2263; x_wconf 83' lang='lat' dir='ltr'>te</span> <span class='ocrx_word' id='word_1_101' title='bbox 1040 2220 1170 2265; x_wconf 77' lang='lat' dir='ltr'>Deus</span> 
     </span>
     <span class='ocr_line' id='line_1_21' title="bbox 163 2270 1165 2366; baseline 0.018 -36"><span class='ocrx_word' id='word_1_102' title='bbox 163 2270 449 2350; x_wconf 60' lang='lat' dir='ltr'>essejiessit,</span> <span class='ocrx_word' id='word_1_103' title='bbox 467 2276 711 2356; x_wconf 70' lang='lat' dir='ltr'>spectant</span> <span class='ocrx_word' id='word_1_104' title='bbox 730 2288 797 2341; x_wconf 81' lang='lat' dir='ltr'>ad</span> <span class='ocrx_word' id='word_1_105' title='bbox 813 2284 992 2349; x_wconf 65' lang='lat' dir='ltr'>officia</span> <span class='ocrx_word' id='word_1_106' title='bbox 1007 2333 1021 2356; x_wconf 87' lang='lat'>‚</span> <span class='ocrx_word' id='word_1_107' title='bbox 1045 2315 1165 2366; x_wconf 81' lang='lat' dir='ltr'>qnae</span> 
     </span>
     <span class='ocr_line' id='line_1_22' title="bbox 167 2349 1160 2430; baseline 0.019 -19"><span class='ocrx_word' id='word_1_108' title='bbox 167 2380 234 2413; x_wconf 83' lang='lat' dir='ltr'>ex</span> <span class='ocrx_word' id='word_1_109' title='bbox 266 2349 491 2417; x_wconf 75' lang='lat' dir='ltr'>d&#39;uobus</span> <span class='ocrx_word' id='word_1_110' title='bbox 521 2381 727 2422; x_wconf 78' lang='lat' dir='ltr'>exstare</span> <span class='ocrx_word' id='word_1_111' title='bbox 757 2374 944 2426; x_wconf 87' lang='lat' dir='ltr'>scribit</span> <span class='ocrx_word' id='word_1_112' title='bbox 973 2375 1160 2430; x_wconf 82' lang='lat' dir='ltr'>Senec.</span> 
     </span>
     <span class='ocr_line' id='line_1_23' title="bbox 164 2439 1166 2528; baseline 0.016 -36"><span class='ocrx_word' id='word_1_113' title='bbox 164 2442 262 2493; x_wconf 85' lang='lat' dir='ltr'>lib.</span> <span class='ocrx_word' id='word_1_114' title='bbox 281 2439 364 2507; x_wconf 83' lang='grc' dir='ltr'>ῙῘ,</span> <span class='ocrx_word' id='word_1_115' title='bbox 381 2441 451 2496; x_wconf 88' lang='lat' dir='ltr'>de</span> <span class='ocrx_word' id='word_1_116' title='bbox 465 2447 651 2500; x_wconf 81' lang='lat' dir='ltr'>Benef.</span> <span class='ocrx_word' id='word_1_117' title='bbox 671 2470 790 2522; x_wconf 84' lang='lat' dir='ltr'>quae</span> <span class='ocrx_word' id='word_1_118' title='bbox 808 2453 1061 2525; x_wconf 79' lang='lat' dir='ltr'>Epicteto</span> <span class='ocrx_word' id='word_1_119' title='bbox 1081 2477 1166 2528; x_wconf 86' lang='lat' dir='ltr'>ap.</span> 
     </span>
     <span class='ocr_line' id='line_1_24' title="bbox 162 2523 1163 2606; baseline 0.019 -33"><span class='ocrx_word' id='word_1_120' title='bbox 162 2523 390 2594; x_wconf 71' lang='lat' dir='ltr'>Arrian.</span> <span class='ocrx_word' id='word_1_121' title='bbox 417 2526 514 2577; x_wconf 85' lang='lat' dir='ltr'>lib.</span> <span class='ocrx_word' id='word_1_122' title='bbox 547 2528 606 2581; x_wconf 84' lang='grc' dir='ltr'>ΙΙ</span> <span class='ocrx_word' id='word_1_123' title='bbox 625 2567 642 2592; x_wconf 88' lang='grc'><em>,</em></span> <span class='ocrx_word' id='word_1_124' title='bbox 673 2529 934 2586; x_wconf 83' lang='lat' dir='ltr'>dicuntur</span> <span class='ocrx_word' id='word_1_125' title='bbox 963 2540 1163 2606; x_wconf 84' lang='lat' dir='ltr'>partim</span> 
     </span>
     <span class='ocr_line' id='line_1_25' title="bbox 161 2607 1157 2686; baseline 0.019 -31"><span class='ocrx_word' id='word_1_126' title='bbox 161 2607 372 2674; x_wconf 72' lang='grc' dir='ltr'>φυσικαὶ</span> <span class='ocrx_word' id='word_1_127' title='bbox 394 2645 412 2672; x_wconf 79' lang='lat'><strong>‚</strong></span> <span class='ocrx_word' id='word_1_128' title='bbox 447 2611 647 2680; x_wconf 85' lang='lat' dir='ltr'>part-im</span> <span class='ocrx_word' id='word_1_129' title='bbox 693 2616 902 2668; x_wconf 79' lang='grc' dir='ltr'>ἐπίθετοι</span> <span class='ocrx_word' id='word_1_130' title='bbox 947 2623 1157 2686; x_wconf 80' lang='grc' dir='ltr'>σχέσεις.</span> 
     </span>
     <span class='ocr_line' id='line_1_26' title="bbox 162 2685 1158 2766; baseline 0.02 -32"><span class='ocrx_word' id='word_1_131' title='bbox 162 2685 247 2737; x_wconf 88' lang='lat' dir='ltr'>Ita</span> <span class='ocrx_word' id='word_1_132' title='bbox 271 2705 409 2758; x_wconf 86' lang='lat' dir='ltr'>ergo</span> <span class='ocrx_word' id='word_1_133' title='bbox 429 2691 614 2761; x_wconf 85' lang='lat' dir='ltr'>accipe</span> <span class='ocrx_word' id='word_1_134' title='bbox 629 2700 800 2763; x_wconf 72' lang='lat' dir='ltr'>poetae</span> <span class='ocrx_word' id='word_1_135' title='bbox 816 2698 993 2762; x_wconf 83' lang='lat' dir='ltr'>verba,</span> <span class='ocrx_word' id='word_1_136' title='bbox 1014 2720 1158 2766; x_wconf 81' lang='lat' dir='ltr'>quem</span> 
     </span>
     <span class='ocr_line' id='line_1_27' title="bbox 160 2769 1156 2848; baseline 0.02 -32"><span class='ocrx_word' id='word_1_137' title='bbox 160 2781 241 2828; x_wconf 84' lang='lat' dir='ltr'>te,</span> <span class='ocrx_word' id='word_1_138' title='bbox 269 2783 369 2818; x_wconf 84' lang='lat' dir='ltr'>etc.</span> <span class='ocrx_word' id='word_1_139' title='bbox 403 2769 508 2823; x_wconf 85' lang='lat' dir='ltr'>hoc</span> <span class='ocrx_word' id='word_1_140' title='bbox 539 2785 616 2824; x_wconf 86' lang='lat' dir='ltr'>est</span> <span class='ocrx_word' id='word_1_141' title='bbox 635 2813 652 2838; x_wconf 89' lang='lat'><strong><em>,</em></strong></span> <span class='ocrx_word' id='word_1_142' title='bbox 682 2778 844 2838; x_wconf 78' lang='grc' dir='ltr'>ποίαις</span> <span class='ocrx_word' id='word_1_143' title='bbox 871 2783 1072 2848; x_wconf 68' lang='grc' dir='ltr'>σχέσεσί</span> <span class='ocrx_word' id='word_1_144' title='bbox 1103 2804 1156 2836; x_wconf 85' lang='grc' dir='ltr'>σε</span> 
     </span>
     <span class='ocr_line' id='line_1_28' title="bbox 149 2849 1152 2928; baseline 0.015 -27"><span class='ocrx_word' id='word_1_145' title='bbox 149 2849 434 2920; x_wconf 64' lang='grc' dir='ltr'>,περιέῧαλὲ</span> <span class='ocrx_word' id='word_1_146' title='bbox 459 2853 542 2904; x_wconf 79' lang='grc' dir='ltr'>καὶ</span> <span class='ocrx_word' id='word_1_147' title='bbox 574 2851 774 2914; x_wconf 63' lang='grc' dir='ltr'>ἐνέδησε</span> <span class='ocrx_word' id='word_1_148' title='bbox 801 2893 815 2918; x_wconf 85' lang='lat'>‚</span> <span class='ocrx_word' id='word_1_149' title='bbox 846 2866 1066 2928; x_wconf 81' lang='grc' dir='ltr'>φυσικαῖς</span> <span class='ocrx_word' id='word_1_150' title='bbox 1099 2885 1152 2916; x_wconf 78' lang='grc' dir='ltr'>τε</span> 
     </span>
    </p>
   </div>
   <div class='ocr_carea' id='block_1_9' title="bbox 111 2930 1153 3006">
    <p class='ocr_par' dir='ltr' id='par_1_9' title="bbox 111 2930 1153 3006">
     <span class='ocr_line' id='line_1_29' title="bbox 111 2930 1153 3006; baseline 0.014 -25"><span class='ocrx_word' id='word_1_151' title='bbox 111 2967 118 2972; x_wconf 93' lang='grc'>-</span> <span class='ocrx_word' id='word_1_152' title='bbox 157 2930 244 2982; x_wconf 76' lang='grc' dir='ltr'>καὶ</span> <span class='ocrx_word' id='word_1_153' title='bbox 271 2934 544 2999; x_wconf 70' lang='grc' dir='ltr'><strong>ἐπιθέτοις,</strong></span> <span class='ocrx_word' id='word_1_154' title='bbox 575 2936 774 3006; x_wconf 85' lang='lat' dir='ltr'>quibus</span> <span class='ocrx_word' id='word_1_155' title='bbox 797 2941 1153 2996; x_wconf 82' lang='lat' dir='ltr'>relationibus</span> 
     </span>
    </p>
   </div>
   <div class='ocr_carea' id='block_1_10' title="bbox 139 3013 1154 4220">
    <p class='ocr_par' dir='ltr' id='par_1_10' title="bbox 139 3013 1154 4220">
     <span class='ocr_line' id='line_1_30' title="bbox 153 3013 1153 3092; baseline 0.015 -32"><span class='ocrx_word' id='word_1_156' title='bbox 153 3027 255 3061; x_wconf 89' lang='lat' dir='ltr'>seu</span> <span class='ocrx_word' id='word_1_157' title='bbox 286 3013 638 3080; x_wconf 63' lang='lat' dir='ltr'>naturalibus</span> <span class='ocrx_word' id='word_1_158' title='bbox 659 3053 681 3077; x_wconf 79' lang='grc'>,,</span> <span class='ocrx_word' id='word_1_159' title='bbox 701 3033 798 3070; x_wconf 88' lang='lat' dir='ltr'>seu</span> <span class='ocrx_word' id='word_1_160' title='bbox 823 3020 1056 3092; x_wconf 85' lang='lat' dir='ltr'>paetitiis</span> <span class='ocrx_word' id='word_1_161' title='bbox 1085 3021 1153 3074; x_wconf 88' lang='lat' dir='ltr'>ad</span> 
     </span>
     <span class='ocr_line' id='line_1_31' title="bbox 151 3091 1152 3172; baseline 0.013 -30"><span class='ocrx_word' id='word_1_162' title='bbox 151 3091 491 3148; x_wconf 57' lang='lat' dir='ltr'>societatemss</span> <span class='ocrx_word' id='word_1_163' title='bbox 515 3107 565 3146; x_wconf 89' lang='lat' dir='ltr'>te</span> <span class='ocrx_word' id='word_1_164' title='bbox 597 3096 869 3167; x_wconf 79' lang='lat' dir='ltr'>alligavit,</span> <span class='ocrx_word' id='word_1_165' title='bbox 903 3120 1020 3172; x_wconf 85' lang='lat' dir='ltr'>quae</span> <span class='ocrx_word' id='word_1_166' title='bbox 1053 3103 1152 3154; x_wconf 82' lang='lat' dir='ltr'>tihi</span> 
     </span>
     <span class='ocr_line' id='line_1_32' title="bbox 151 3170 1153 3254; baseline 0.016 -34"><span class='ocrx_word' id='word_1_167' title='bbox 151 3170 346 3222; x_wconf 81' lang='lat' dir='ltr'>officia</span> <span class='ocrx_word' id='word_1_168' title='bbox 386 3172 668 3244; x_wconf 82' lang='lat' dir='ltr'>imposuit.</span> <span class='ocrx_word' id='word_1_169' title='bbox 711 3177 840 3232; x_wconf 87' lang='lat' dir='ltr'>Puta</span> <span class='ocrx_word' id='word_1_170' title='bbox 871 3181 961 3234; x_wconf 81' lang='lat' dir='ltr'>:si</span> <span class='ocrx_word' id='word_1_171' title='bbox 1000 3195 1153 3254; x_wconf 83' lang='lat' dir='ltr'>pater</span> 
     </span>
     <span class='ocr_line' id='line_1_33' title="bbox 151 3251 1154 3326; baseline 0.013 -24"><span class='ocrx_word' id='word_1_172' title='bbox 151 3269 208 3302; x_wconf 86' lang='lat' dir='ltr'>es</span> <span class='ocrx_word' id='word_1_173' title='bbox 239 3291 260 3316; x_wconf 82' lang='lat'>,</span> <span class='ocrx_word' id='word_1_174' title='bbox 307 3251 464 3304; x_wconf 81' lang='lat' dir='ltr'>disce</span> <span class='ocrx_word' id='word_1_175' title='bbox 505 3273 624 3326; x_wconf 83' lang='lat' dir='ltr'>quae</span> <span class='ocrx_word' id='word_1_176' title='bbox 669 3257 776 3310; x_wconf 85' lang='lat' dir='ltr'>sint</span> <span class='ocrx_word' id='word_1_177' title='bbox 825 3259 1004 3314; x_wconf 83' lang='lat' dir='ltr'>officia</span> <span class='ocrx_word' id='word_1_178' title='bbox 1054 3265 1154 3317; x_wconf 89' lang='lat' dir='ltr'>tibi</span> 
     </span>
     <span class='ocr_line' id='line_1_34' title="bbox 151 3332 1150 3412; baseline 0.012 -27"><span class='ocrx_word' id='word_1_179' title='bbox 151 3351 282 3404; x_wconf 82' lang='lat' dir='ltr'>erga</span> <span class='ocrx_word' id='word_1_180' title='bbox 323 3332 532 3386; x_wconf 83' lang='lat' dir='ltr'>liberos</span> <span class='ocrx_word' id='word_1_181' title='bbox 575 3335 825 3410; x_wconf 87' lang='lat' dir='ltr'>imposita</span> <span class='ocrx_word' id='word_1_182' title='bbox 841 3363 860 3406; x_wconf 82' lang='lat'>,-</span> <span class='ocrx_word' id='word_1_183' title='bbox 893 3343 937 3394; x_wconf 86' lang='lat' dir='ltr'>si</span> <span class='ocrx_word' id='word_1_184' title='bbox 971 3344 1150 3412; x_wconf 78' lang='lat' dir='ltr'>filius,</span> 
     </span>
     <span class='ocr_line' id='line_1_35' title="bbox 148 3417 1150 3493; baseline 0.015 -31"><span class='ocrx_word' id='word_1_185' title='bbox 148 3429 282 3482; x_wconf 81' lang='lat' dir='ltr'>erga</span> <span class='ocrx_word' id='word_1_186' title='bbox 303 3425 562 3485; x_wconf 85' lang='lat' dir='ltr'>parentes</span> <span class='ocrx_word' id='word_1_187' title='bbox 581 3433 596 3480; x_wconf 93' lang='lat'>;</span> <span class='ocrx_word' id='word_1_188' title='bbox 617 3417 658 3468; x_wconf 80' lang='lat' dir='ltr'>si</span> <span class='ocrx_word' id='word_1_189' title='bbox 681 3419 810 3470; x_wconf 83' lang='lat' dir='ltr'>civis</span> <span class='ocrx_word' id='word_1_190' title='bbox 825 3459 840 3484; x_wconf 92' lang='lat'><strong>,</strong></span> <span class='ocrx_word' id='word_1_191' title='bbox 863 3441 986 3493; x_wconf 80' lang='lat' dir='ltr'>erga</span> <span class='ocrx_word' id='word_1_192' title='bbox 1009 3443 1150 3476; x_wconf 84' lang='lat' dir='ltr'>rem-</span> 
     </span>
     <span class='ocr_line' id='line_1_36' title="bbox 143 3493 1150 3574; baseline 0.015 -32"><span class='ocrx_word' id='word_1_193' title='bbox 143 3493 436 3562; x_wconf 75' lang='lat' dir='ltr'>publicam</span> <span class='ocrx_word' id='word_1_194' title='bbox 457 3514 470 3554; x_wconf 91' lang='lat'>;</span> <span class='ocrx_word' id='word_1_195' title='bbox 491 3493 536 3545; x_wconf 88' lang='lat' dir='ltr'>si</span> <span class='ocrx_word' id='word_1_196' title='bbox 553 3496 842 3568; x_wconf 79' lang='lat' dir='ltr'>subjectuS,</span> <span class='ocrx_word' id='word_1_197' title='bbox 861 3521 980 3573; x_wconf 87' lang='lat' dir='ltr'>erga</span> <span class='ocrx_word' id='word_1_198' title='bbox 997 3505 1150 3574; x_wconf 88' lang='lat' dir='ltr'>prin·</span> 
     </span>
     <span class='ocr_line' id='line_1_37' title="bbox 143 3571 1148 3654; baseline 0.016 -33"><span class='ocrx_word' id='word_1_199' title='bbox 143 3571 376 3642; x_wconf 87' lang='lat' dir='ltr'>cipem;</span> <span class='ocrx_word' id='word_1_200' title='bbox 400 3573 444 3624; x_wconf 87' lang='lat' dir='ltr'>si</span> <span class='ocrx_word' id='word_1_201' title='bbox 479 3576 758 3641; x_wconf 83' lang='lat' dir='ltr'>sacerdos,</span> <span class='ocrx_word' id='word_1_202' title='bbox 791 3582 834 3632; x_wconf 86' lang='lat' dir='ltr'>si</span> <span class='ocrx_word' id='word_1_203' title='bbox 865 3584 1148 3654; x_wconf 82' lang='lat' dir='ltr'>magistra-</span> 
     </span>
     <span class='ocr_line' id='line_1_38' title="bbox 143 3655 1143 3732; baseline 0.014 -28"><span class='ocrx_word' id='word_1_204' title='bbox 143 3663 240 3704; x_wconf 85' lang='lat' dir='ltr'>tus</span> <span class='ocrx_word' id='word_1_205' title='bbox 262 3692 280 3716; x_wconf 90' lang='lat'>,</span> <span class='ocrx_word' id='word_1_206' title='bbox 320 3655 370 3706; x_wconf 81' lang='lat' dir='ltr'>si</span> <span class='ocrx_word' id='word_1_207' title='bbox 408 3655 596 3723; x_wconf 84' lang='lat' dir='ltr'>miles,</span> <span class='ocrx_word' id='word_1_208' title='bbox 625 3659 666 3710; x_wconf 87' lang='lat' dir='ltr'>si</span> <span class='ocrx_word' id='word_1_209' title='bbox 711 3676 1008 3732; x_wconf 79' lang='lat' dir='ltr'>mercator,</span> <span class='ocrx_word' id='word_1_210' title='bbox 1041 3679 1143 3720; x_wconf 88' lang='lat' dir='ltr'>etc.</span> 
     </span>
     <span class='ocr_line' id='line_1_39' title="bbox 143 3733 1146 3806; baseline 0.017 -20"><span class='ocrx_word' id='word_1_211' title='bbox 143 3733 304 3788; x_wconf 90' lang='lat' dir='ltr'>disce</span> <span class='ocrx_word' id='word_1_212' title='bbox 340 3755 469 3806; x_wconf 84' lang='lat' dir='ltr'>quae</span> <span class='ocrx_word' id='word_1_213' title='bbox 506 3737 617 3791; x_wconf 87' lang='lat' dir='ltr'>sint</span> <span class='ocrx_word' id='word_1_214' title='bbox 664 3741 764 3794; x_wconf 78' lang='lat' dir='ltr'>tihi</span> <span class='ocrx_word' id='word_1_215' title='bbox 801 3745 980 3799; x_wconf 82' lang='lat' dir='ltr'>officia</span> <span class='ocrx_word' id='word_1_216' title='bbox 1023 3768 1146 3804; x_wconf 73' lang='lat' dir='ltr'>exe-</span> 
     </span>
     <span class='ocr_line' id='line_1_40' title="bbox 144 3813 1149 3898; baseline 0.017 -34"><span class='ocrx_word' id='word_1_217' title='bbox 144 3813 396 3888; x_wconf 74' lang='lat' dir='ltr'>quenda.</span> <span class='ocrx_word' id='word_1_218' title='bbox 431 3816 594 3870; x_wconf 87' lang='lat' dir='ltr'>Idem</span> <span class='ocrx_word' id='word_1_219' title='bbox 624 3823 743 3876; x_wconf 86' lang='lat' dir='ltr'>vult</span> <span class='ocrx_word' id='word_1_220' title='bbox 775 3831 934 3898; x_wconf 67' lang='lat' dir='ltr'>poeta</span> <span class='ocrx_word' id='word_1_221' title='bbox 965 3843 1149 3881; x_wconf 83' lang='lat' dir='ltr'>noster</span> 
     </span>
     <span class='ocr_line' id='line_1_41' title="bbox 141 3895 1147 3974; baseline 0.019 -31"><span class='ocrx_word' id='word_1_222' title='bbox 141 3911 278 3970; x_wconf 66' lang='lat' dir='ltr'>cuni</span> <span class='ocrx_word' id='word_1_223' title='bbox 313 3895 618 3968; x_wconf 84' lang='lat' dir='ltr'>Epicteto,</span> <span class='ocrx_word' id='word_1_224' title='bbox 645 3905 795 3974; x_wconf 86' lang='lat' dir='ltr'>cujus</span> <span class='ocrx_word' id='word_1_225' title='bbox 833 3906 946 3958; x_wconf 79' lang='lat' dir='ltr'>haec</span> <span class='ocrx_word' id='word_1_226' title='bbox 985 3910 1147 3962; x_wconf 88' lang='lat' dir='ltr'>verba</span> 
     </span>
     <span class='ocr_line' id='line_1_42' title="bbox 141 3977 1144 4046; baseline 0.014 -18"><span class='ocrx_word' id='word_1_227' title='bbox 141 3989 282 4028; x_wconf 81' lang='lat' dir='ltr'>sunt</span> <span class='ocrx_word' id='word_1_228' title='bbox 315 3977 377 4028; x_wconf 87' lang='lat' dir='ltr'>in</span> <span class='ocrx_word' id='word_1_229' title='bbox 413 3978 737 4036; x_wconf 79' lang='lat' dir='ltr'>Euchiridio</span> <span class='ocrx_word' id='word_1_230' title='bbox 763 4005 775 4036; x_wconf 76' lang='grc' dir='ltr'>ε</span> <span class='ocrx_word' id='word_1_231' title='bbox 799 3987 882 4038; x_wconf 77' lang='grc' dir='ltr'>Τὰ</span> <span class='ocrx_word' id='word_1_232' title='bbox 911 3991 1144 4046; x_wconf 74' lang='grc' dir='ltr'>καθήκον-</span> 
     </span>
     <span class='ocr_line' id='line_1_43' title="bbox 139 4059 1144 4140; baseline 0.018 -34"><span class='ocrx_word' id='word_1_233' title='bbox 139 4074 212 4106; x_wconf 78' lang='grc' dir='ltr'>τα.</span> <span class='ocrx_word' id='word_1_234' title='bbox 247 4059 319 4118; x_wconf 80' lang='grc' dir='ltr'>ὡς</span> <span class='ocrx_word' id='word_1_235' title='bbox 364 4059 557 4111; x_wconf 79' lang='grc' dir='ltr'>ἐπίπαν</span> <span class='ocrx_word' id='word_1_236' title='bbox 597 4067 705 4123; x_wconf 83' lang='grc' dir='ltr'>ταῖς</span> <span class='ocrx_word' id='word_1_237' title='bbox 746 4068 946 4134; x_wconf 80' lang='grc' dir='ltr'>σχέσεσι</span> <span class='ocrx_word' id='word_1_238' title='bbox 980 4090 1144 4140; x_wconf 81' lang='grc' dir='ltr'>παρα-</span> 
     </span>
     <span class='ocr_line' id='line_1_44' title="bbox 143 4140 1144 4220; baseline 0.016 -33"><span class='ocrx_word' id='word_1_239' title='bbox 143 4140 432 4207; x_wconf 61' lang='lat' dir='ltr'>,un-petrem.</span> <span class='ocrx_word' id='word_1_240' title='bbox 463 4140 642 4211; x_wconf 66' lang='grc' dir='ltr'>Πατήρ</span> <span class='ocrx_word' id='word_1_241' title='bbox 679 4145 807 4210; x_wconf 57' lang='lat' dir='ltr'>ictu</span> <span class='ocrx_word' id='word_1_242' title='bbox 845 4149 1144 4220; x_wconf 71' lang='grc' dir='ltr'>ὑπαγορεύε-</span> 
     </span>
    </p>
   </div>
   <div class='ocr_carea' id='block_1_11' title="bbox 1263 945 2325 1174">
    <p class='ocr_par' dir='ltr' id='par_1_11' title="bbox 1263 945 2325 1174">
     <span class='ocr_line' id='line_1_45' title="bbox 1684 945 2325 1033; baseline 0.042 -39"><span class='ocrx_word' id='word_1_243' title='bbox 1684 945 2047 1018; x_wconf 78' lang='grc' dir='ltr'>ἐπιμελεῖσθαι,</span> <span class='ocrx_word' id='word_1_244' title='bbox 2082 981 2249 1033; x_wconf 79' lang='grc' dir='ltr'>παρα·</span> <span class='ocrx_word' id='word_1_245' title='bbox 2319 982 2325 985; x_wconf 82' lang='grc'><strong>”</strong></span> 
     </span>
     <span class='ocr_line' id='line_1_46' title="bbox 1267 1018 2249 1101; baseline 0.04 -42"><span class='ocrx_word' id='word_1_246' title='bbox 1267 1080 1271 1087; x_wconf 92' lang='lat'><strong>.</strong></span> <span class='ocrx_word' id='word_1_247' title='bbox 1478 1018 1747 1083; x_wconf 76' lang='grc' dir='ltr'><strong><em>ἁπάντων,</em></strong></span> <span class='ocrx_word' id='word_1_248' title='bbox 1785 1030 2045 1099; x_wconf 76' lang='grc' dir='ltr'>ἀνέχεσθαι</span> <span class='ocrx_word' id='word_1_249' title='bbox 2082 1039 2249 1101; x_wconf 62' lang='grc' dir='ltr'>λοιδο-</span> 
     </span>
     <span class='ocr_line' id='line_1_47' title="bbox 1263 1103 2249 1174; baseline 0.033 -32"><span class='ocrx_word' id='word_1_250' title='bbox 1263 1112 1455 1161; x_wconf 78' lang='grc' dir='ltr'>ρουντος</span> <span class='ocrx_word' id='word_1_251' title='bbox 1484 1134 1501 1161; x_wconf 88' lang='grc'><em>,</em></span> <span class='ocrx_word' id='word_1_252' title='bbox 1540 1103 2050 1167; x_wconf 75' lang='grc' dir='ltr'>παίοντος.-Βειι.ς.</span> <span class='ocrx_word' id='word_1_253' title='bbox 2102 1121 2249 1174; x_wconf 86' lang='lat' dir='ltr'>Dicit</span> 
     </span>
    </p>
   </div>
   <div class='ocr_carea' id='block_1_12' title="bbox 1250 1578 2245 1991">
    <p class='ocr_par' dir='ltr' id='par_1_12' title="bbox 1250 1578 2245 1991">
     <span class='ocr_line' id='line_1_48' title="bbox 1258 1578 2245 1659; baseline 0.041 -39"><span class='ocrx_word' id='word_1_254' title='bbox 1258 1578 1419 1626; x_wconf 86' lang='lat' dir='ltr'>Deum</span> <span class='ocrx_word' id='word_1_255' title='bbox 1461 1598 1634 1633; x_wconf 81' lang='lat' dir='ltr'>unuln</span> <span class='ocrx_word' id='word_1_256' title='bbox 1680 1588 1988 1657; x_wconf 78' lang='lat' dir='ltr'>prodebant</span> <span class='ocrx_word' id='word_1_257' title='bbox 2028 1619 2245 1659; x_wconf 84' lang='lat' dir='ltr'>causam</span> 
     </span>
     <span class='ocr_line' id='line_1_49' title="bbox 1257 1652 2244 1739; baseline 0.04 -37"><span class='ocrx_word' id='word_1_258' title='bbox 1257 1652 1589 1713; x_wconf 82' lang='lat' dir='ltr'>efficientem</span> <span class='ocrx_word' id='word_1_259' title='bbox 1624 1679 1680 1719; x_wconf 88' lang='lat' dir='ltr'>et</span> <span class='ocrx_word' id='word_1_260' title='bbox 1712 1672 2109 1735; x_wconf 81' lang='lat' dir='ltr'>moderatorem</span> <span class='ocrx_word' id='word_1_261' title='bbox 2138 1686 2244 1739; x_wconf 88' lang='lat' dir='ltr'>hu-</span> 
     </span>
     <span class='ocr_line' id='line_1_50' title="bbox 1250 1737 2245 1825; baseline 0.04 -40"><span class='ocrx_word' id='word_1_262' title='bbox 1250 1737 1341 1809; x_wconf 84' lang='lat' dir='ltr'>jus</span> <span class='ocrx_word' id='word_1_263' title='bbox 1370 1742 1645 1811; x_wconf 85' lang='lat' dir='ltr'>universi,</span> <span class='ocrx_word' id='word_1_264' title='bbox 1676 1750 1816 1806; x_wconf 87' lang='lat' dir='ltr'>sicut</span> <span class='ocrx_word' id='word_1_265' title='bbox 1842 1774 2037 1815; x_wconf 84' lang='lat' dir='ltr'>notum</span> <span class='ocrx_word' id='word_1_266' title='bbox 2070 1781 2149 1819; x_wconf 84' lang='lat' dir='ltr'>est</span> <span class='ocrx_word' id='word_1_267' title='bbox 2178 1790 2245 1825; x_wconf 80' lang='lat' dir='ltr'>ex</span> 
     </span>
     <span class='ocr_line' id='line_1_51' title="bbox 1251 1818 2242 1913; baseline 0.04 -47"><span class='ocrx_word' id='word_1_268' title='bbox 1251 1818 1330 1869; x_wconf 88' lang='grc' dir='ltr'>Μ.</span> <span class='ocrx_word' id='word_1_269' title='bbox 1358 1819 1507 1873; x_wconf 87' lang='lat' dir='ltr'><strong>Tull.</strong></span> <span class='ocrx_word' id='word_1_270' title='bbox 1534 1825 1724 1883; x_wconf 84' lang='lat' dir='ltr'>Senec.</span> <span class='ocrx_word' id='word_1_271' title='bbox 1754 1834 1935 1893; x_wconf 62' lang='lat' dir='ltr'>Lafirt.</span> <span class='ocrx_word' id='word_1_272' title='bbox 1968 1842 2037 1897; x_wconf 86' lang='lat' dir='ltr'>de</span> <span class='ocrx_word' id='word_1_273' title='bbox 2066 1849 2242 1913; x_wconf 76' lang='lat' dir='ltr'>Zeno-</span> 
     </span>
     <span class='ocr_line' id='line_1_52' title="bbox 1251 1900 2238 1991; baseline 0.041 -45"><span class='ocrx_word' id='word_1_274' title='bbox 1251 1916 1342 1955; x_wconf 79' lang='lat' dir='ltr'>ne.</span> <span class='ocrx_word' id='word_1_275' title='bbox 1367 1900 1444 1952; x_wconf 89' lang='lat' dir='ltr'>M.</span> <span class='ocrx_word' id='word_1_276' title='bbox 1470 1905 1653 1959; x_wconf 86' lang='lat' dir='ltr'>Aurel.</span> <span class='ocrx_word' id='word_1_277' title='bbox 1680 1913 1811 1967; x_wconf 88' lang='lat' dir='ltr'>Ant.</span> <span class='ocrx_word' id='word_1_278' title='bbox 1840 1918 2015 1991; x_wconf 86' lang='lat' dir='ltr'>Epict.</span> <span class='ocrx_word' id='word_1_279' title='bbox 2043 1942 2145 1981; x_wconf 90' lang='lat' dir='ltr'>etc.</span> <span class='ocrx_word' id='word_1_280' title='bbox 2176 1931 2238 1985; x_wconf 85' lang='lat' dir='ltr'>C.</span> 
     </span>
    </p>
   </div>
   <div class='ocr_carea' id='block_1_13' title="bbox 1252 1988 2234 2146">
    <p class='ocr_par' dir='ltr' id='par_1_13' title="bbox 1252 1988 2234 2146">
     <span class='ocr_line' id='line_1_53' title="bbox 1255 1988 2234 2069; baseline 0.032 -43"><span class='ocrx_word' id='word_1_281' title='bbox 1255 2047 1260 2053; x_wconf 35' lang='lat'>&#39;</span> <span class='ocrx_word' id='word_1_282' title='bbox 1323 1998 1411 2049; x_wconf 82' lang='lat'>72.</span> <span class='ocrx_word' id='word_1_283' title='bbox 1446 1988 1513 2034; x_wconf 82' lang='lat' dir='ltr'>Ec</span> <span class='ocrx_word' id='word_1_284' title='bbox 1539 1988 1759 2045; x_wconf 79' lang='lat' dir='ltr'>humana</span> <span class='ocrx_word' id='word_1_285' title='bbox 1796 2018 1899 2064; x_wconf 81' lang='lat' dir='ltr'>qua</span> <span class='ocrx_word' id='word_1_286' title='bbox 1922 2022 2073 2069; x_wconf 81' lang='lat' dir='ltr'>parte</span> <span class='ocrx_word' id='word_1_287' title='bbox 2098 2014 2234 2065; x_wconf 85' lang='lat' dir='ltr'>loca.</span> 
     </span>
     <span class='ocr_line' id='line_1_54' title="bbox 1252 2066 2233 2146; baseline 0.042 -40"><span class='ocrx_word' id='word_1_288' title='bbox 1252 2073 1326 2108; x_wconf 85' lang='lat' dir='ltr'>tus</span> <span class='ocrx_word' id='word_1_289' title='bbox 1359 2081 1407 2110; x_wconf 85' lang='lat' dir='ltr'>es</span> <span class='ocrx_word' id='word_1_290' title='bbox 1441 2066 1489 2113; x_wconf 83' lang='lat' dir='ltr'>in</span> <span class='ocrx_word' id='word_1_291' title='bbox 1520 2068 1613 2139; x_wconf 62' lang='lat' dir='ltr'>ra]</span> <span class='ocrx_word' id='word_1_292' title='bbox 1646 2077 1876 2129; x_wconf 81' lang='lat' dir='ltr'>Humana</span> <span class='ocrx_word' id='word_1_293' title='bbox 1904 2102 1981 2134; x_wconf 81' lang='lat' dir='ltr'>res</span> <span class='ocrx_word' id='word_1_294' title='bbox 2003 2086 2233 2146; x_wconf 81' lang='lat' dir='ltr'>humani</span> 
     </span>
    </p>
   </div>
   <div class='ocr_carea' id='block_1_14' title="bbox 1245 2208 2238 2480">
    <p class='ocr_par' dir='ltr' id='par_1_14' title="bbox 1245 2208 2238 2480">
     <span class='ocr_line' id='line_1_55' title="bbox 1247 2208 2238 2324; baseline 0.039 -54"><span class='ocrx_word' id='word_1_295' title='bbox 1247 2208 1520 2293; x_wconf 66' lang='lat' dir='ltr'>quatenus</span> <span class='ocrx_word' id='word_1_296' title='bbox 1538 2230 1705 2287; x_wconf 88' lang='lat' dir='ltr'>homo</span> <span class='ocrx_word' id='word_1_297' title='bbox 1726 2250 1826 2297; x_wconf 86' lang='lat' dir='ltr'>est,</span> <span class='ocrx_word' id='word_1_298' title='bbox 1853 2241 2016 2298; x_wconf 76' lang='lat' dir='ltr'>habet</span> <span class='ocrx_word' id='word_1_299' title='bbox 2038 2256 2238 2324; x_wconf 57' lang='grc' dir='ltr'>σχέσιν,</span> 
     </span>
     <span class='ocr_line' id='line_1_56' title="bbox 1245 2309 2235 2388; baseline 0.039 -38"><span class='ocrx_word' id='word_1_300' title='bbox 1245 2314 1300 2372; x_wconf 63' lang='lat' dir='ltr'>et</span> <span class='ocrx_word' id='word_1_301' title='bbox 1320 2309 1619 2362; x_wconf 82' lang='lat' dir='ltr'>naturalem</span> <span class='ocrx_word' id='word_1_302' title='bbox 1640 2321 2084 2388; x_wconf 80' lang='lat' dir='ltr'>conjunctionem</span> <span class='ocrx_word' id='word_1_303' title='bbox 2102 2351 2235 2388; x_wconf 86' lang='lat' dir='ltr'>cum</span> 
     </span>
     <span class='ocr_line' id='line_1_57' title="bbox 1245 2381 2235 2480; baseline 0.038 -46"><span class='ocrx_word' id='word_1_304' title='bbox 1245 2381 1582 2460; x_wconf 83' lang='lat' dir='ltr'>hominibus.</span> <span class='ocrx_word' id='word_1_305' title='bbox 1636 2396 1744 2450; x_wconf 78' lang='lat' dir='ltr'>sed</span> <span class='ocrx_word' id='word_1_306' title='bbox 1796 2402 1935 2457; x_wconf 89' lang='lat' dir='ltr'>illu-d</span> <span class='ocrx_word' id='word_1_307' title='bbox 1978 2417 2235 2480; x_wconf 79' lang='lat' dir='ltr'>generale</span> 
     </span>
    </p>
   </div>
   <div class='ocr_carea' id='block_1_15' title="bbox 1247 2459 2351 2564">
    <p class='ocr_par' dir='ltr' id='par_1_15' title="bbox 1247 2459 2351 2564">
     <span class='ocr_line' id='line_1_58' title="bbox 1247 2459 2351 2564; baseline 0.038 -50"><span class='ocrx_word' id='word_1_308' title='bbox 1247 2459 1496 2521; x_wconf 85' lang='lat' dir='ltr'>officium</span> <span class='ocrx_word' id='word_1_309' title='bbox 1520 2476 1835 2550; x_wconf 78' lang='lat' dir='ltr'>astringitur</span> <span class='ocrx_word' id='word_1_310' title='bbox 1867 2503 2053 2556; x_wconf 86' lang='lat' dir='ltr'>postea</span> <span class='ocrx_word' id='word_1_311' title='bbox 2079 2495 2231 2564; x_wconf 86' lang='lat' dir='ltr'>aliis,</span> <span class='ocrx_word' id='word_1_312' title='bbox 2290 2523 2295 2528; x_wconf 92' lang='lat'><em>·</em></span> <span class='ocrx_word' id='word_1_313' title='bbox 2346 2514 2351 2522; x_wconf 88' lang='lat'><em>&#39;</em></span> 
     </span>
    </p>
   </div>
   <div class='ocr_carea' id='block_1_16' title="bbox 1223 2550 2233 4234">
    <p class='ocr_par' dir='ltr' id='par_1_16' title="bbox 1223 2550 2233 4234">
     <span class='ocr_line' id='line_1_59' title="bbox 1247 2550 2233 2640; baseline 0.039 -47"><span class='ocrx_word' id='word_1_314' title='bbox 1247 2557 1308 2617; x_wconf 80' lang='lat' dir='ltr'>ut</span> <span class='ocrx_word' id='word_1_315' title='bbox 1331 2550 1490 2602; x_wconf 89' lang='lat' dir='ltr'>stoici</span> <span class='ocrx_word' id='word_1_316' title='bbox 1508 2552 1611 2624; x_wconf 89' lang='lat' dir='ltr'>ipsi</span> <span class='ocrx_word' id='word_1_317' title='bbox 1634 2555 1857 2629; x_wconf 77' lang='lat' dir='ltr'>dicunt,</span> <span class='ocrx_word' id='word_1_318' title='bbox 1880 2569 2106 2640; x_wconf 83' lang='lat' dir='ltr'>orbibus</span> <span class='ocrx_word' id='word_1_319' title='bbox 2129 2580 2233 2630; x_wconf 88' lang='lat' dir='ltr'>mi-</span> 
     </span>
     <span class='ocr_line' id='line_1_60' title="bbox 1243 2627 2231 2712; baseline 0.038 -39"><span class='ocrx_word' id='word_1_320' title='bbox 1243 2627 1473 2680; x_wconf 81' lang='lat' dir='ltr'>noribus</span> <span class='ocrx_word' id='word_1_321' title='bbox 1492 2650 1508 2695; x_wconf 92' lang='lat'>;</span> <span class='ocrx_word' id='word_1_322' title='bbox 1534 2634 1631 2703; x_wconf 89' lang='lat' dir='ltr'>qui</span> <span class='ocrx_word' id='word_1_323' title='bbox 1653 2655 1717 2689; x_wconf 87' lang='lat' dir='ltr'>eo</span> <span class='ocrx_word' id='word_1_324' title='bbox 1738 2649 2043 2712; x_wconf 82' lang='lat' dir='ltr'>expressius</span> <span class='ocrx_word' id='word_1_325' title='bbox 2066 2653 2231 2708; x_wconf 78' lang='lat' dir='ltr'>intel-</span> 
     </span>
     <span class='ocr_line' id='line_1_61' title="bbox 1239 2703 2229 2798; baseline 0.036 -45"><span class='ocrx_word' id='word_1_326' title='bbox 1239 2703 1389 2776; x_wconf 87' lang='lat' dir='ltr'>ligun</span> <span class='ocrx_word' id='word_1_327' title='bbox 1400 2721 1489 2760; x_wconf 89' lang='lat' dir='ltr'>tur</span> <span class='ocrx_word' id='word_1_328' title='bbox 1511 2749 1535 2788; x_wconf 27' lang='lat'>,⁵</span> <span class='ocrx_word' id='word_1_329' title='bbox 1558 2731 1666 2783; x_wconf 86' lang='lat' dir='ltr'>quo</span> <span class='ocrx_word' id='word_1_330' title='bbox 1694 2732 1883 2788; x_wconf 85' lang='lat' dir='ltr'>patent</span> <span class='ocrx_word' id='word_1_331' title='bbox 1906 2735 2191 2798; x_wconf 78' lang='lat' dir='ltr'>angustius</span> <span class='ocrx_word' id='word_1_332' title='bbox 2210 2756 2229 2788; x_wconf 69' lang='grc' dir='ltr'>ι</span> 
     </span>
     <span class='ocr_line' id='line_1_62' title="bbox 1241 2785 2229 2872; baseline 0.035 -38"><span class='ocrx_word' id='word_1_333' title='bbox 1241 2785 1391 2838; x_wconf 85' lang='lat' dir='ltr'>unde</span> <span class='ocrx_word' id='word_1_334' title='bbox 1416 2789 1483 2843; x_wconf 86' lang='lat' dir='ltr'>fit</span> <span class='ocrx_word' id='word_1_335' title='bbox 1500 2829 1516 2852; x_wconf 88' lang='lat'>‚</span> <span class='ocrx_word' id='word_1_336' title='bbox 1544 2806 1603 2845; x_wconf 90' lang='lat' dir='ltr'>ut</span> <span class='ocrx_word' id='word_1_337' title='bbox 1626 2797 1809 2866; x_wconf 81' lang='lat' dir='ltr'>plures</span> <span class='ocrx_word' id='word_1_338' title='bbox 1836 2806 2069 2872; x_wconf 83' lang='lat' dir='ltr'>privatas</span> <span class='ocrx_word' id='word_1_339' title='bbox 2090 2817 2229 2867; x_wconf 83' lang='lat' dir='ltr'>cari·</span> 
     </span>
     <span class='ocr_line' id='line_1_63' title="bbox 1239 2879 2226 2952; baseline 0.032 -35"><span class='ocrx_word' id='word_1_340' title='bbox 1239 2879 1372 2936; x_wconf 74' lang='lat' dir='ltr'>tates</span> <span class='ocrx_word' id='word_1_341' title='bbox 1401 2886 1595 2926; x_wconf 88' lang='lat' dir='ltr'>curent</span> <span class='ocrx_word' id='word_1_342' title='bbox 1612 2913 1629 2942; x_wconf 83' lang='lat'>,</span> <span class='ocrx_word' id='word_1_343' title='bbox 1652 2897 1811 2948; x_wconf 81' lang='lat' dir='ltr'>quam</span> <span class='ocrx_word' id='word_1_344' title='bbox 1841 2887 2123 2952; x_wconf 83' lang='lat' dir='ltr'>publicam</span> <span class='ocrx_word' id='word_1_345' title='bbox 2144 2897 2226 2948; x_wconf 70' lang='lat' dir='ltr'>ai·-</span> 
     </span>
     <span class='ocr_line' id='line_1_64' title="bbox 1235 2947 2221 3043; baseline 0.032 -46"><span class='ocrx_word' id='word_1_346' title='bbox 1235 2947 1459 3003; x_wconf 80' lang='lat' dir='ltr'>vitatem</span> <span class='ocrx_word' id='word_1_347' title='bbox 1492 2991 1507 3014; x_wconf 91' lang='lat'>‚</span> <span class='ocrx_word' id='word_1_348' title='bbox 1550 2969 1646 3009; x_wconf 87' lang='lat' dir='ltr'>aut</span> <span class='ocrx_word' id='word_1_349' title='bbox 1686 2963 1840 3031; x_wconf 81' lang='lat' dir='ltr'>regni</span> <span class='ocrx_word' id='word_1_350' title='bbox 1876 2969 2221 3043; x_wconf 49' lang='lat' dir='ltr'>*utilitatem3</span> 
     </span>
     <span class='ocr_line' id='line_1_65' title="bbox 1235 3029 2224 3112; baseline 0.036 -35"><span class='ocrx_word' id='word_1_351' title='bbox 1235 3029 1411 3100; x_wconf 63' lang='lat' dir='ltr'>inulto</span> <span class='ocrx_word' id='word_1_352' title='bbox 1434 3034 1613 3088; x_wconf 88' lang='lat' dir='ltr'>minus</span> <span class='ocrx_word' id='word_1_353' title='bbox 1632 3039 1801 3094; x_wconf 72' lang='lat' dir='ltr'>iidem</span> <span class='ocrx_word' id='word_1_354' title='bbox 1820 3045 1890 3098; x_wconf 83' lang='lat' dir='ltr'>ad</span> <span class='ocrx_word' id='word_1_355' title='bbox 1916 3051 2224 3112; x_wconf 75' lang='lat' dir='ltr'>universam</span> 
     </span>
     <span class='ocr_line' id='line_1_66' title="bbox 1235 3109 2223 3192; baseline 0.035 -34"><span class='ocrx_word' id='word_1_356' title='bbox 1235 3109 1545 3166; x_wconf 75' lang='lat' dir='ltr'>societatem</span> <span class='ocrx_word' id='word_1_357' title='bbox 1580 3119 1935 3190; x_wconf 79' lang='lat' dir='ltr'>cogitationes</span> <span class='ocrx_word' id='word_1_358' title='bbox 1970 3149 2091 3186; x_wconf 86' lang='lat' dir='ltr'>suas</span> <span class='ocrx_word' id='word_1_359' title='bbox 2132 3158 2223 3192; x_wconf 85' lang='lat' dir='ltr'>re-</span> 
     </span>
     <span class='ocr_line' id='line_1_67' title="bbox 1229 3191 2223 3287; baseline 0.037 -49"><span class='ocrx_word' id='word_1_360' title='bbox 1229 3191 1384 3248; x_wconf 71' lang='lat' dir='ltr'>,seran</span> <span class='ocrx_word' id='word_1_361' title='bbox 1395 3205 1431 3242; x_wconf 86' lang='lat' dir='ltr'>t.</span> <span class='ocrx_word' id='word_1_362' title='bbox 1490 3193 1659 3249; x_wconf 86' lang='lat' dir='ltr'>Stoici</span> <span class='ocrx_word' id='word_1_363' title='bbox 1716 3222 1848 3266; x_wconf 72' lang='lat' dir='ltr'>vero</span> <span class='ocrx_word' id='word_1_364' title='bbox 1908 3217 2223 3287; x_wconf 80' lang='lat' dir='ltr'>corrigendi</span> 
     </span>
     <span class='ocr_line' id='line_1_68' title="bbox 1235 3269 2225 3356; baseline 0.037 -37"><span class='ocrx_word' id='word_1_365' title='bbox 1235 3269 1403 3342; x_wconf 78' lang='lat' dir='ltr'>hujus</span> <span class='ocrx_word' id='word_1_366' title='bbox 1426 3277 1623 3330; x_wconf 84' lang='lat' dir='ltr'>erroris</span> <span class='ocrx_word' id='word_1_367' title='bbox 1644 3285 1813 3351; x_wconf 81' lang='lat' dir='ltr'>gratia</span> <span class='ocrx_word' id='word_1_368' title='bbox 1834 3325 1851 3352; x_wconf 86' lang='lat'>,</span> <span class='ocrx_word' id='word_1_369' title='bbox 1876 3292 2023 3354; x_wconf 79' lang='lat' dir='ltr'>unde</span> <span class='ocrx_word' id='word_1_370' title='bbox 2051 3301 2225 3356; x_wconf 76' lang='lat' dir='ltr'>multa</span> 
     </span>
     <span class='ocr_line' id='line_1_69' title="bbox 1233 3349 2223 3437; baseline 0.033 -37"><span class='ocrx_word' id='word_1_371' title='bbox 1233 3349 1293 3402; x_wconf 87' lang='lat' dir='ltr'>in</span> <span class='ocrx_word' id='word_1_372' title='bbox 1310 3350 1477 3404; x_wconf 86' lang='lat' dir='ltr'>vitam</span> <span class='ocrx_word' id='word_1_373' title='bbox 1499 3373 1712 3426; x_wconf 85' lang='lat' dir='ltr'>peccata</span> <span class='ocrx_word' id='word_1_374' title='bbox 1740 3383 2051 3437; x_wconf 85' lang='lat' dir='ltr'>manarent,</span> <span class='ocrx_word' id='word_1_375' title='bbox 2074 3379 2223 3432; x_wconf 83' lang='lat' dir='ltr'>soliti</span> 
     </span>
     <span class='ocr_line' id='line_1_70' title="bbox 1233 3444 2224 3510; baseline 0.031 -33"><span class='ocrx_word' id='word_1_376' title='bbox 1233 3447 1359 3481; x_wconf 88' lang='lat' dir='ltr'>suos</span> <span class='ocrx_word' id='word_1_377' title='bbox 1380 3451 1492 3484; x_wconf 90' lang='lat' dir='ltr'>non</span> <span class='ocrx_word' id='word_1_378' title='bbox 1520 3449 1737 3509; x_wconf 77' lang='lat' dir='ltr'>tantuin</span> <span class='ocrx_word' id='word_1_379' title='bbox 1765 3444 1831 3497; x_wconf 83' lang='lat' dir='ltr'>ad</span> <span class='ocrx_word' id='word_1_380' title='bbox 1865 3452 2123 3508; x_wconf 82' lang='lat' dir='ltr'>universae</span> <span class='ocrx_word' id='word_1_381' title='bbox 2145 3462 2224 3510; x_wconf 78' lang='lat' dir='ltr'>rei</span> 
     </span>
     <span class='ocr_line' id='line_1_71' title="bbox 1223 3511 2216 3596; baseline 0.033 -39"><span class='ocrx_word' id='word_1_382' title='bbox 1223 3511 1464 3564; x_wconf 71' lang='lat' dir='ltr'>humanae</span> <span class='ocrx_word' id='word_1_383' title='bbox 1488 3553 1503 3574; x_wconf 90' lang='lat'><em>,</em></span> <span class='ocrx_word' id='word_1_384' title='bbox 1550 3530 1611 3570; x_wconf 88' lang='lat' dir='ltr'>ut</span> <span class='ocrx_word' id='word_1_385' title='bbox 1654 3521 1745 3574; x_wconf 78' lang='lat' dir='ltr'>hic</span> <span class='ocrx_word' id='word_1_386' title='bbox 1786 3525 2002 3582; x_wconf 85' lang='lat' dir='ltr'>Persius</span> <span class='ocrx_word' id='word_1_387' title='bbox 2024 3569 2041 3596; x_wconf 88' lang='lat'>‚</span> <span class='ocrx_word' id='word_1_388' title='bbox 2082 3554 2216 3589; x_wconf 53' lang='lat' dir='ltr'>con&lt;-</span> 
     </span>
     <span class='ocr_line' id='line_1_72' title="bbox 1232 3593 2213 3674; baseline 0.03 -33"><span class='ocrx_word' id='word_1_389' title='bbox 1232 3593 1641 3661; x_wconf 85' lang='lat' dir='ltr'>templationem</span> <span class='ocrx_word' id='word_1_390' title='bbox 1663 3601 1899 3674; x_wconf 86' lang='lat' dir='ltr'>hortari;</span> <span class='ocrx_word' id='word_1_391' title='bbox 1928 3609 2025 3662; x_wconf 86' lang='lat' dir='ltr'>sed</span> <span class='ocrx_word' id='word_1_392' title='bbox 2050 3615 2213 3670; x_wconf 84' lang='lat' dir='ltr'>etiam</span> 
     </span>
     <span class='ocr_line' id='line_1_73' title="bbox 1231 3671 2211 3750; baseline 0.03 -29"><span class='ocrx_word' id='word_1_393' title='bbox 1231 3671 1298 3722; x_wconf 86' lang='lat' dir='ltr'>ad</span> <span class='ocrx_word' id='word_1_394' title='bbox 1348 3675 1517 3727; x_wconf 83' lang='lat' dir='ltr'>totius</span> <span class='ocrx_word' id='word_1_395' title='bbox 1572 3699 1759 3734; x_wconf 83' lang='lat' dir='ltr'>rerum</span> <span class='ocrx_word' id='word_1_396' title='bbox 1823 3688 2211 3750; x_wconf 76' lang='lat' dir='ltr'>universitatis.</span> 
     </span>
     <span class='ocr_line' id='line_1_74' title="bbox 1231 3749 2216 3838; baseline 0.032 -38"><span class='ocrx_word' id='word_1_397' title='bbox 1231 3749 1453 3824; x_wconf 88' lang='lat' dir='ltr'>Quippe</span> <span class='ocrx_word' id='word_1_398' title='bbox 1474 3775 1633 3826; x_wconf 81' lang='lat' dir='ltr'>omne</span> <span class='ocrx_word' id='word_1_399' title='bbox 1651 3761 1757 3814; x_wconf 85' lang='lat' dir='ltr'>hoc</span> <span class='ocrx_word' id='word_1_400' title='bbox 1777 3783 1951 3820; x_wconf 87' lang='lat' dir='ltr'>unum</span> <span class='ocrx_word' id='word_1_401' title='bbox 1968 3789 2105 3838; x_wconf 79' lang='lat' dir='ltr'>esse,</span> <span class='ocrx_word' id='word_1_402' title='bbox 2122 3795 2216 3832; x_wconf 85' lang='lat' dir='ltr'>cu-</span> 
     </span>
     <span class='ocr_line' id='line_1_75' title="bbox 1225 3833 2211 3919; baseline 0.032 -38"><span class='ocrx_word' id='word_1_403' title='bbox 1225 3833 1313 3904; x_wconf 83' lang='lat' dir='ltr'>jus</span> <span class='ocrx_word' id='word_1_404' title='bbox 1351 3853 1476 3904; x_wconf 89' lang='lat' dir='ltr'>pars</span> <span class='ocrx_word' id='word_1_405' title='bbox 1496 3876 1512 3903; x_wconf 87' lang='lat'><em>,</em></span> <span class='ocrx_word' id='word_1_406' title='bbox 1553 3841 1666 3893; x_wconf 86' lang='lat' dir='ltr'>imo</span> <span class='ocrx_word' id='word_1_407' title='bbox 1716 3847 2025 3904; x_wconf 85' lang='lat' dir='ltr'>membrum</span> <span class='ocrx_word' id='word_1_408' title='bbox 2048 3892 2068 3919; x_wconf 90' lang='lat'>,</span> <span class='ocrx_word' id='word_1_409' title='bbox 2110 3857 2211 3912; x_wconf 88' lang='lat' dir='ltr'>ho-</span> 
     </span>
     <span class='ocr_line' id='line_1_76' title="bbox 1229 3914 2211 3995; baseline 0.032 -32"><span class='ocrx_word' id='word_1_410' title='bbox 1229 3914 1401 3988; x_wconf 53' lang='lat' dir='ltr'>{niues</span> <span class='ocrx_word' id='word_1_411' title='bbox 1424 3935 1587 3972; x_wconf 85' lang='lat' dir='ltr'>sunt:</span> <span class='ocrx_word' id='word_1_412' title='bbox 1612 3923 1847 3995; x_wconf 81' lang='lat' dir='ltr'>singulas</span> <span class='ocrx_word' id='word_1_413' title='bbox 1873 3945 2057 3988; x_wconf 86' lang='lat' dir='ltr'>autem</span> <span class='ocrx_word' id='word_1_414' title='bbox 2082 3939 2211 3994; x_wconf 79' lang='lat' dir='ltr'>civi-</span> 
     </span>
     <span class='ocr_line' id='line_1_77' title="bbox 1232 4004 2213 4074; baseline 0.033 -31"><span class='ocrx_word' id='word_1_415' title='bbox 1232 4006 1362 4046; x_wconf 86' lang='lat' dir='ltr'>tates</span> <span class='ocrx_word' id='word_1_416' title='bbox 1383 4016 1497 4050; x_wconf 87' lang='lat' dir='ltr'>esse</span> <span class='ocrx_word' id='word_1_417' title='bbox 1524 4004 1676 4071; x_wconf 85' lang='lat' dir='ltr'>quas&#39;i</span> <span class='ocrx_word' id='word_1_418' title='bbox 1709 4007 1939 4063; x_wconf 89' lang='lat' dir='ltr'>totidem</span> <span class='ocrx_word' id='word_1_419' title='bbox 1970 4016 2213 4074; x_wconf 81' lang='lat' dir='ltr'>universi</span> 
     </span>
     <span class='ocr_line' id='line_1_78' title="bbox 1228 4072 2211 4170; baseline 0.033 -48"><span class='ocrx_word' id='word_1_420' title='bbox 1228 4072 1437 4144; x_wconf 72' lang='lat' dir='ltr'>dornos-</span> <span class='ocrx_word' id='word_1_421' title='bbox 1459 4079 1535 4131; x_wconf 90' lang='lat' dir='ltr'>M.</span> <span class='ocrx_word' id='word_1_422' title='bbox 1561 4083 1821 4137; x_wconf 87' lang='lat' dir='ltr'>Antonin.</span> <span class='ocrx_word' id='word_1_423' title='bbox 1844 4108 1985 4162; x_wconf 82' lang='lat' dir='ltr'>saepe</span> <span class='ocrx_word' id='word_1_424' title='bbox 2012 4099 2211 4170; x_wconf 78' lang='lat' dir='ltr'>saepius</span> 
     </span>
     <span class='ocr_line' id='line_1_79' title="bbox 1225 4152 2208 4234; baseline 0.032 -31"><span class='ocrx_word' id='word_1_425' title='bbox 1225 4152 1376 4206; x_wconf 86' lang='lat' dir='ltr'>hunc</span> <span class='ocrx_word' id='word_1_426' title='bbox 1418 4161 1685 4234; x_wconf 81' lang='lat' dir='ltr'>cujusque</span> <span class='ocrx_word' id='word_1_427' title='bbox 1728 4166 1965 4224; x_wconf 83' lang='lat' dir='ltr'>hominis</span> <span class='ocrx_word' id='word_1_428' title='bbox 2004 4194 2208 4233; x_wconf 80' lang='lat' dir='ltr'>nexum</span> 
     </span>
    </p>
   </div>
   <div class='ocr_carea' id='block_1_17' title="bbox 1786 4257 1851 4322">
    <p class='ocr_par' dir='ltr' id='par_1_17' title="bbox 1786 4257 1851 4322">
     <span class='ocr_line' id='line_1_80' title="bbox 1786 4257 1851 4322; baseline 0.046 -3"><span class='ocrx_word' id='word_1_429' title='bbox 1786 4257 1851 4322; x_wconf 88' lang='lat'>6.</span> 
     </span>
    </p>
   </div>
  </div>
 </body>
</html>
