2775 4619
535 415 660 460 110

1041 391 1119 455 A.
1169 387 1543 456 PERSII
1600 389 1989 457 FLACCI

619 519 876 582 Caecum
905 515 1143 582 vulnus
1179 516 1417 598 habes3
1446 514 1561 584 sed
1592 516 1723 581 lato
1756 517 2010 582 balteus
2044 538 2205 582 auro

617 631 937 721 Praetegit.
975 630 1068 694 Ut
1101 630 1336 712 mavia,
1373 631 1453 698 da
1488 631 1685 696 verba
1701 679 1720 712 ‚
1750 648 1820 696 et
1848 632 2077 722 decipe
2102 651 2372 715 nervoe,

2432 636 2579 708 ‚255

592 778 600 786 ’·
618 748 688 811 Si
723 763 930 836 potes,
973 745 1325 836 Egregium
1361 749 1514 810 cum
1551 767 1657 811 me
1686 747 1931 812 vicinia
1968 747 2177 830 dicat,

617 864 680 926 N
681 885 770 926 on
801 859 1108 928 credam?
1137 861 1296 925 Viso
1327 863 1384 925 si
1419 861 1653 949 palla,
1686 862 2023 952 improbe,
2048 885 2357 946 nummo,

531 1062 609 1110 Sic
641 1059 868 1108 novimus.
905 1055 1019 1106 Hac
1059 1055 1231 1128 igitur
1265 1055 1511 1122 ratione,

529 1139 847 1192 interiorem
868 1136 1036 1190 vitam
1063 1148 1214 1188 tuam
1230 1173 1247 1198 ‚
1269 1139 1304 1188 ὁ
1329 1137 1477 1188 Nero
1495 1175 1512 1200 ,

530 1238 737 1292 cognov
744 1219 900 1279 imus,
915 1231 970 1270 et
987 1216 1182 1287 flagitia
1205 1229 1316 1281 tua,
1328 1235 1515 1288 qnam-

535 1302 620 1354 vis
641 1299 824 1352 adhuc
843 1317 874 1350 a
893 1311 948 1350 te
971 1297 1302 1350 dissimulata
1315 1335 1332 1362 ,
1351 1298 1513 1350 habe·

531 1401 656 1436 mus
682 1394 828 1434 nota.
854 1381 919 1432 L.

602 1485 692 1543 44.
741 1483 931 1531 Caecum
968 1479 1155 1528 vulnus
1195 1479 1344 1528 habes
1384 1478 1511 1544 (ilia

525 1564 689 1611 subter
713 1559 790 1628 ).]
839 1559 956 1610 Jam
1011 1557 1110 1609 tibi
1156 1557 1410 1610 conscius
1458 1577 1512 1610 es

529 1640 832 1692 multarum
870 1635 1162 1688 libidinum
1191 1675 1207 1700 ‚
1243 1637 1513 1708 plurium—

532 1735 641 1789 que
663 1716 926 1768 scelerum
953 1734 982 1766 a
1004 1727 1057 1766 te
1077 1714 1213 1766 clam
1233 1727 1512 1786 perpetra-

528 1811 736 1850 torum.
767 1827 838 1835 —
875 1799 973 1846 Sed
1007 1797 1109 1844 laco
1158 1799 1343 1845 balteus
1386 1815 1512 1846 auro

515 1878 764 1945 prce-tegit.
791 1873 897 1927 Sed
921 1873 1121 1945 flagitia
1151 1893 1270 1948 qum
1295 1888 1511 1946 patran-

529 1956 679 2008 tur‘a
707 1966 759 2006 te
787 1951 1036 2024 quotidie
1063 1964 1293 2023 propter
1315 1966 1511 2024 poten-

525 2036 660 2087 tiam
704 2047 857 2086 tuam
892 2031 1226 2085 abscondere
1262 2045 1314 2085 te
1351 2051 1512 2104 posse

527 2113 791 2178 confidis,
813 2114 1032 2165 nemine
1051 2113 1313 2176 audente,
1338 2126 1432 2166 aut
1452 2114 1511 2165 in

526 2195 618 2246 illa
661 2195 975 2265 inquirere,
1003 2207 1096 2246 aut
1131 2192 1201 2246 de
1234 2193 1300 2245 iis
1332 2195 1508 2265 loqui.

529 2299 552 2321 α
575 2274 788 2326 Alludit
804 2312 821 2338 ‚
842 2273 1024 2347 inquit
1045 2271 1268 2327 Casaub.
1283 2272 1352 2326 ad
1367 2275 1511 2327 ictus

527 2381 548 2403 ι
576 2374 716 2427 quos
751 2367 1029 2427 acceperat
1067 2368 1238 2407 noctu
1272 2374 1372 2426 per
1402 2356 1511 2428 Ur·

529 2436 700 2493 «bem
727 2434 1160 2507 petulantissime
1181 2454 1379 2507 vagans
1398 2474 1414 2500 ,
1444 2448 1510 2487 ut

529 2543 552 2563 α
577 2517 825 2569 scribunt
846 2516 992 2568 Suet.
1014 2536 1113 2588 cap
1139 2518 1204 2568 26
1221 2555 1236 2581 ,
1259 2529 1313 2569 et
1327 2514 1507 2568 Tacit.

530 2624 552 2645 ι
574 2600 718 2650 Ann.
751 2598 847 2649 lib.
881 2598 1052 2649 XIII:
1080 2598 1170 2649 hic
1191 2616 1324 2650 vero
1349 2596 1509 2649 etiam

528 2706 550 2727 α
574 2678 728 2732 addit
753 2718 770 2743 ‚
805 2679 1046 2733 vulneris
1099 2679 1370 2731 cicatrices
1417 2698 1512 2731 ore

529 2786 552 2806 α
573 2755 892 2831 praetulisse.
915 2784 938 2805 n
963 2792 1034 2799 ——
1051 2759 1264 2809 Balteus.
1305 2759 1512 2833 Cingu-

479 2896 492 2909 ,
523 2840 644 2891 lum
682 2838 914 2890 militare
953 2855 984 2889 e
1023 2838 1176 2888 corio
1212 2836 1406 2888 bibulo
1431 2874 1448 2900 ‚
1481 2854 1511 2894 e

526 2938 642 2990 quo
677 2938 823 2973 arma
858 2916 1188 2991 dependent.
1224 2918 1510 2989 Metapho-

521 3000 670 3063 rice,
704 3018 809 3071 pro
849 2997 1113 3069 dignitate
1151 3010 1205 3050 et
1241 2998 1507 3071 potentia.

523 3080 647 3131 Lati
661 3093 853 3131 'autem
882 3092 1036 3135 erant
1057 3092 1304 3132 veterum
1323 3080 1509 3132 baltei.

597 3163 680 3225 45.
722 3167 786 3211 Ue
817 3164 992 3223 mavis,
1028 3165 1094 3211 da
1126 3163 1322 3233 verba]
1363 3162 1509 3235 Ergo

523 3244 750 3313 impone
788 3243 903 3295 aliis
945 3258 1214 3314 quantum
1250 3244 1504 3307 libuerit,

525 3323 698 3374 immo
728 3331 782 3375 et
813 3322 931 3373 tibi.
970 3322 1310 3387 Tesanum,
1344 3337 1400 3377 et
1438 3322 1505 3375 ad

529 3402 713 3454 omnia
731 3402 1002 3455 valentem
1022 3417 1077 3456 et
1097 3403 1258 3460 crede
1279 3416 1332 3457 et
1349 3406 1509 3479 jacta.

527 3486 680 3531 ——Ee
705 3485 874 3550 dec1'pe
905 3502 1069 3535 nervos
1082 3522 1099 3545 ‚
1124 3488 1169 3534 .ςί
1179 3498 1333 3551 potes.
1354 3484 1513 3535 Vires

528 3564 695 3616 etiam
717 3576 837 3616 tuas
858 3563 1092 3635 imperio
1115 3564 1340 3617 serendo
1356 3582 1513 3635 pares

527 3644 760 3711 anima,
789 3658 876 3711 et,
906 3646 950 3697 si
995 3658 1174 3699 tamen
1212 3657 1403 3717 potes,
1430 3645 1514 3697 ul-

1594 1056 1787 1110 tricem
1804 1058 2191 1114 conscientiam
2210 1059 2333 1114 falle
2347 1097 2363 1124 ‚
2384 1059 2581 1114 similis

1594 1149 1739 1188 certe
1752 1135 1816 1186 iis
1832 1136 1929 1207 qui
1944 1155 2239 1188 nervorum
2254 1137 2581 1192 infirmitate

1592 1217 1898 1270 laborantes
1915 1236 2075 1272 sanos
2096 1231 2278 1271 tamen
2300 1232 2355 1271 et
2372 1223 2583 1291 Κρότω·

1591 1317 1669 1358 νος
1694 1299 1966 1368 ῧγιεςέρους
2000 1316 2055 1351 se
2080 1300 2331 1370 fingunt,
2362 1317 2478 1370 quo
2506 1300 2583 1353 li-

1590 1377 1775 1430 berius
1806 1391 1859 1429 et
1893 1379 2103 1431 Baccho
2144 1393 2199 1432 et
2220 1380 2424 1432 Veneri
2460 1399 2583 1433 ser-

1589 1459 1755 1509 viant.
1781 1459 1972 1511 Horat.
1992 1459 2087 1510 lib.
2110 1461 2139 1511 Ι
2158 1497 2175 1523 ,
2195 1459 2351 1532 epist.
2382 1463 2447 1511 16
2472 1479 2489 1510 ε

1592 1546 1697 1592 Neu
1708 1581 1721 1601 ‚
1744 1547 1784 1592 si
1802 1557 1847 1592 te
1866 1548 2069 1608 populus
2088 1563 2249 1593 sanum
2262 1555 2482 1610 recteque
2497 1565 2583 1601 va-

1591 1619 2063 1766 Dictilgtltezcultm
2080 1685 2261 1732 febru
2282 1685 2370 1732 sub
2389 1695 2585 1750 tenpus

1591 1757 1889 1886 1)ὴεὶῗέΞῖ
1913 1829 2064 1878 donec
2094 1830 2309 1882 nauibus
2342 1845 2470 1878 mors
2504 1830 2585 1878 in-

1718 1902 1843 1950 cidat
1862 1901 2030 1952 unctis.

1590 1971 1849 2093 Smltzrefam
1860 1972 2069 2022 incurata
2085 1971 2240 2038 pudor
2256 1971 2401 2022 malus
2420 1971 2589 2024 ulcera

1590 2117 1730 2164 -si
1741 2130 1895 2181 potes.
1922 2115 2110 2167 Recte.
2140 2115 2307 2188 Atqui
2334 2131 2449 2166 non
2474 2133 2588 2186 po-

1593 2195 1719 2246 teris
1733 2194 1831 2246 diu
1851 2195 1967 2248 aliis
1985 2195 2151 2251 verba
2168 2194 2319 2259 dare,
2336 2193 2591 2248 tandem-

1593 2293 1699 2349 que
1723 2275 1888 2351 hujus
1919 2273 2203 2343 dementiae
2231 2287 2338 2327 tuae
2359 2275 2589 2329 meritas

1588 2355 1705 2408 lues
1725 2374 1943 2429 poenas:
1968 2355 2118 2428 quod
2142 2356 2305 2409 etiam
2322 2355 2529 2409 evenit.

1661 2439 1751 2499 46.
1796 2439 2057 2505 Egregium
2104 2440 2215 2487 ctcm
2258 2456 2336 2486 me
2382 2438 2589 2487 vicinia

1589 2519 1753 2577 dicat,
1776 2536 1874 2567 non
1896 2520 2094 2568 credam
2108 2518 2165 2587 .·‘']
2196 2516 2451 2588 Objectio
2474 2516 2527 2568 N
2530 2536 2592 2569 e·

1591 2596 1769 2661 mnis,
1800 2616 1964 2668 quam
1990 2597 2169 2648 statim
2197 2602 2359 2667 poeta
2386 2594 2587 2649 diluit.

1590 2678 1739 2730 Dum
1766 2677 1946 2730 adhuc
1970 2677 2201 2729 laterent
2224 2676 2459 2729 Neronis
2483 2674 2589 2729 fla-

1590 2758 1719 2830 gitia
1732 2795 1748 2822 ‚
1768 2777 1881 2811 non
1900 2758 2058 2830 pauci
2082 2759 2238 2811 illum
2255 2756 2591 2823 laudabant,

1591 2841 1735 2895 inter
1767 2860 1905 2913 quos
1944 2841 2105 2894 etiam
2143 2853 2198 2893 et
2235 2840 2489 2891 Burrhus
2527 2853 2591 2892 et

1591 2920 1822 2972 Seneca:
1847 2918 1943 2973 sed
1971 2920 2029 2972 hi
2056 2924 2117 2973 ea
2149 2920 2329 2972 solum
2359 2931 2548 2971 mente
2568 2958 2589 2981 ‚

1590 3014 1657 3055 ut
1679 3000 2114 3073 perditissimum
2138 3002 2396 3073 juvenem
2417 3019 2448 3051 a
2472 3018 2588 3071 pu-

1590 3082 1730 3135 blica
1751 3082 1970 3134 infamia
1993 3080 2363 3144 vindicarent,
2386 3080 2429 3133 si
2452 3100 2591 3153 pos-

1590 3176 1740 3230 sent3
1778 3163 1958 3215 baeteri
2000 3181 2130 3216 vero
2172 3162 2409 3235 principi
2457 3162 2589 3217 sine

1590 3262 1743 3295 more
1774 3262 1834 3296 ac
1864 3242 2081 3315 pudore
2108 3243 2547 3299 assentiebantur
2570 3263 2584 3292 :

1589 3339 1777 3394 quare,
1796 3339 1909 3373 non
1938 3320 2053 3373 sine
2082 3322 2386 3383 causa‚haec
2402 3338 2535 3391 pars
2558 3341 2591 3373 a

1594 3400 1777 3453 Persio
1798 3397 1976 3453 addita
1991 3439 2008 3465 ‚
2028 3413 2089 3452 ut
2109 3400 2174 3452 ab
2194 3400 2381 3453 alienis
2403 3418 2591 3453 assen-

1594 3480 1859 3535 tatoribus
1873 3480 1941 3533 ad
1956 3500 2105 3533 suam
2120 3482 2289 3555 ipsius
2302 3481 2593 3533 conscien-

1593 3564 1723 3616 tiam
1741 3576 2037 3617 revocaret.
2078 3562 2142 3615 C.

1666 3650 1755 3717 47.
1785 3648 1897 3695 Viso
1912 3646 1957 3695 .ςί
1963 3648 2123 3713 palles
2131 3683 2148 3706 ‚
2170 3644 2418 3711 improbe,
2439 3662 2591 3695 num-

599 3826 662 3872 V.
690 3832 772 3880 44.
803 3826 1046 3891 Pru-tegit.
1069 3824 1191 3875 Cod.
1215 3823 1571 3903 Thuaneus—et
1597 3834 1795 3885 noster,
1804 3824 2053 3891 protegit,
2074 3823 2245 3873 minus
2273 3824 2418 3876 bene.
2442 3824 2557 3873 Alii
2572 3860 2586 3883 ‚

523 3905 787 3969 praetegit,
807 3922 897 3953 seu
910 3941 924 3966 ,
942 3922 1032 3970 per
1053 3904 1440 3971 compendium,
1452 3906 1628 3973 ptegit.

603 4013 665 4059 V.
699 4008 782 4071 [ξς.
819 4010 944 4060 Νοη.
977 4010 1100 4062 Cod.
1128 4010 1430 4073 Thomas,
1458 4029 1623 4073 παντο,-
1653 4014 1809 4082 male,
1834 4022 1884 4063 ct
1911 4012 2019 4065 sine
2050 4028 2213 4067 seusu·
