2775 4619
587 419 708 470 too

1096 401 1174 464 A.
1231 398 1613 467 PERSII
1668 401 2057 470 FLACCI

663 526 875 588 Curva
907 521 1086 588 subit
1099 571 1119 604 ‚
1145 524 1250 588 vel
1279 528 1433 588 cum
1466 524 1631 588 fallit
1664 525 1828 614 pede
1852 529 2075 618 regula
2098 549 2301 611 vat-05

660 639 748 704 Et
781 639 951 728 potis
982 659 1050 702 os
1086 638 1348 728 nigrum
1375 639 1537 703 vitio
1571 639 1900 730 praefigere
1935 642 2135 707 theta.

661 755 846 838 Quin
875 769 949 817 tu
973 751 1208 841 igitur,
1236 753 1491 822 summ&
1519 755 1954 843 nequicquam
1976 757 2146 846 pelle
2172 757 2446 824 decorus
2460 808 2487 841 ,

570 961 662 1002 tus
699 947 758 1000 in
795 943 979 1000 medio
1026 945 1268 998 consistit
1308 945 1549 998 duorum

571 1031 832 1084 vitiorum
865 1047 882 1094 ;
931 1039 996 1080 ut
1041 1045 1180 1098 saepe
1226 1028 1455 1079 obscura
1496 1037 1550 1080 e't

569 1109 810 1163 difficilis
827 1109 894 1160 sit
913 1108 1028 1178 ejus
1047 1107 1265 1179 agnitio.
1282 1108 1366 1158 Ita
1383 1106 1551 1158 inter-

565 1201 748 1262 pretes
773 1208 787 1240 z
821 1187 1015 1242 melius
1030 1224 1048 1252 ,
1079 1197 1270 1238 nostro
1299 1184 1513 1256 judicio
1527 1222 1547 1251 ,

569 1268 768 1322 doctus
786 1270 890 1340 Eq.
907 1268 1071 1335 croft,
1092 1269 1204 1339 jam
1235 1266 1330 1318 cit.
1365 1291 1391 1313 ι
1406 1266 1549 1320 Male

571 1373 596 1396 ι
617 1349 916 1416 Juvencius
949 1347 1014 1398 in
1043 1345 1384 1416 interpretat.
1416 1364 1544 1398 sua:

569 1455 596 1478 ι
617 1432 748 1480 incer
769 1449 918 1480 curva
941 1442 993 1478 et
1018 1429 1200 1478 ‘vitiosa
1226 1429 1346 1476 latet
1355 1447 1379 1486 ,·
1411 1439 1465 1478 et
1488 1427 1549 1478 in

569 1535 594 1558 α
615 1509 792 1564 notis:
829 1511 958 1560 inter·
989 1527 1168 1566 curva,
1203 1509 1258 1557 id
1287 1521 1384 1567 est,
1422 1509 1549 1557 inter·

569 1615 595 1637 ι
618 1593 801 1659 injusta
813 1603 865 1640 et
875 1590 1076 1654 iniqua:
1089 1590 1253 1638 virtus
1263 1589 1394 1637 enim
1410 1601 1481 1637 est
1496 1589 1552 1638 in

569 1693 594 1716 α
615 1673 774 1721 rhedio
794 1673 1001 1719 duorum
1021 1669 1274 1718 vitiorum.
1295 1666 1553 1722 Verbum,

475 1781 484 1800 .
569 1775 593 1797 ι
615 1753 746 1801 inter
757 1751 848 1802 hic
863 1767 974 1802 non
993 1759 1197 1818 spectat
1209 1745 1277 1798 ad
1294 1744 1427 1798 duas
1440 1764 1549 1810 res;

568 1854 593 1877 c
611 1849 723 1884 non
742 1829 850 1884 vim
865 1829 1030 1881 habet
1037 1827 1191 1881 verbi
1205 1827 1382 1898 gallici
1398 1842 1550 1880 entre.

569 1934 593 1958 ι
613 1916 751 1962 Inter
767 1929 916 1960 curva
941 1907 1078 1962 dicit
1091 1946 1110 1968 ,
1137 1910 1277 1974 apud
1291 1926 1441 1957 curva
1452 1945 1471 1968 ‚
1496 1911 1550 1958 in

567 2015 594 2038 «ι
615 1993 776 2042 medio
786 2009 1060 2050 curvorum,
1073 1988 1358 2040 malorum.
1369 1987 1551 2040 Latini

566 2095 592 2117 ι
615 2070 774 2122 obliti
817 2088 958 2140 saepe
999 2080 1130 2120 sunt
1170 2068 1358 2120 sensus
1392 2066 1545 2130 verbi

566 2176 592 2198 ι
613 2154 743 2202 inter
766 2188 786 2212 ,
827 2163 890 2202 ut
943 2149 1088 2202 Galli
1122 2149 1277 2202 verbi
1327 2162 1485 2200 entre.
1520 2172 1543 2193 ι·

562 2232 754 2286 Malim
768 2231 958 2284 referri
971 2235 1101 2283 inter
1113 2229 1183 2282 ad
1198 2245 1397 2281 rectum.
1410 2229 1469 2280 F.
1483 2230 1547 2280 D.

641 2332 728 2367 12.
775 2317 866 2364 Vel
901 2318 1012 2365 ciam
1034 2314 1185 2380 fallit
1214 2315 1343 2378 pede
1373 2314 1548 2379 regula

563 2396 735 2461 vara]
761 2394 866 2445 Vel
893 2412 1022 2445 cum
1055 2391 1240 2462 regula
1267 2391 1339 2443 ob
1365 2408 1549 2443 neces·

504 2522 508 2525 ,
562 2473 724 2525 sarias
754 2472 1127 2543 exceptiones,
1149 2469 1214 2520 fit
1238 2488 1390 2520 vara.
1414 2470 1549 2521 Om-

561 2553 654 2605 nia
672 2550 970 2624 praevidere
990 2552 1078 2603 lex
1097 2568 1212 2603 non
1229 2550 1431 2624 potuit.
1453 2550 1486 2602 J
1492 2569 1549 2603 u·

563 2628 674 2685 dex
707 2652 834 2705 ergo
872 2644 970 2684 aut
1007 2631 1350 2703 magistratus
1385 2630 1548 2683 silen-

559 2712 702 2771 tium
737 2716 852 2785 ejus
889 2730 957 2765 ex
995 2710 1326 2763 conscientia
1363 2728 1458 2763 sua
1494 2723 1547 2763 et

559 2795 800 2848 naturali
819 2786 936 2865 lege
961 2792 1358 2863 interpretetur
1379 2810 1546 2863 opor-

560 2884 646 2927 tet
685 2894 698 2925 :
740 2886 1001 2945 pra-,terea
1030 2910 1046 2937 ‚
1079 2872 1194 2925 aliae
1231 2883 1359 2923 sunt
1394 2890 1545 2923 oeca-

559 2951 740 3007 8iones
783 2952 984 3025 quibus
1028 2953 1216 3023 regula
1264 2954 1286 3021 (
1313 2970 1505 3003 norma
1526 2988 1544 3016 ,

559 3026 797 3108 γνώμων)
819 3053 875 3088 se
897 3034 1172 3087 incurvari
1201 3046 1255 3086 et
1274 3034 1549 3104 obliquari

559 3115 798 3188 patitur;
831 3113 979 3185 quod
995 3151 1012 3177 ‚
1033 3116 1160 3165 cum
1183 3132 1282 3185 per
1309 3132 1364 3165 se
1383 3114 1548 3167 vitio-

557 3196 686 3247 'sum
705 3195 802 3259 sit,
823 3208 1001 3246 tamen
1021 3192 1312 3265 aliquando
1332 3212 1547 3247 merum

561 3278 652 3349 jus
683 3289 795 3329 est:
824 3274 948 3327 ideo
979 3276 1119 3328 bene
1149 3274 1393 3341 dictum,
1419 3294 1548 3327 sum-

1627 967 1759 999 mum
1790 953 1881 1020 jus
1898 987 1916 1012 ,
1959 969 2147 1001 summa
2198 955 2403 1022 injuria.
2423 987 2500 998 —-
2518 963 2618 1008 Pes

1626 1050 1784 1080 varus
1820 1028 2039 1101 proprie
2080 1035 2383 1105 appellatur
2419 1037 2613 1090 incur-

1626 1129 1727 1164 vus
1746 1129 1758 1161 ε
1783 1110 1912 1164 inde
1930 1113 2021 1164 lex
2041 1134 2205 1174 vara,
2234 1117 2415 1186 regula
2436 1139 2577 1170 vara
2591 1159 2611 1180 ,

1629 1211 1751 1263 quae
1770 1212 1825 1244 se
1842 1194 2119 1246 incurvari
2141 1197 2375 1266 patitur,
2396 1201 2616 1271 quippe

1626 1272 1718 1323 cui
1749 1272 1958 1345 aliquid
1995 1272 2167 1338 desit,
2198 1277 2282 1330 vel
2312 1279 2438 1342 cui,
2472 1297 2611 1349 pro-

1624 1364 1750 1422 pter
1760 1353 2619 1428 obscuritatem,interpretatione'

1626 1450 1768 1502 opus
1792 1433 1875 1487 sit.
1902 1433 1965 1484 C.
1984 1446 2038 1485 et
2056 1434 2119 1485 A.

1702 1531 1725 1564 1
1737 1517 1780 1564 3.
1796 1519 1862 1564 Ee
1871 1518 1997 1580 potis
2012 1519 2096 1583 es.]
2114 1516 2222 1567 Scis
2241 1535 2392 1589 aeque
2410 1519 2612 1571 noxios

1628 1592 1991 1648 condemnare
2005 1634 2024 1661 ,
2055 1608 2109 1648 et
2150 1598 2469 1651 innocentes
2506 1598 2608 1652 de-

1629 1672 1868 1726 fendere.
1882 1706 1953 1715 —
1966 1678 2189 1743 Nigrum.
2205 1714 2219 1726 .
2234 1715 2247 1726 .
2263 1714 2276 1726 .
2304 1679 2453 1730 the‘ca.
2472 1681 2608 1732 Vet.

1628 1750 1796 1802 schol.
1821 1777 1843 1797 ι
1862 1753 1896 1804 J
1902 1751 2087 1804 udices
2108 1753 2345 1806 litteram
2362 1757 2497 1806 εΙιέια
2516 1777 2615 1828 ap-

1633 1855 1656 1876 «
1676 1844 1895 1902 ponunt
1908 1831 1979 1884 ad
1997 1851 2190 1884 eorum
2208 1835 2449 1899 nomina,
2466 1855 2613 1908 quos

1633 1939 1654 1960 α
1676 1913 1947 1984 supplicio
1963 1913 2226 1966 afficiunt·
2236 1917 2437 1970 Merito
2454 1923 2611 1982 θῆτα,

1632 2019 1653 2040 «ι
1676 1993 1778 2046 ἀπὸ
1803 2000 1888 2046 τοῦ
1910 1994 2147 2058 θάνατος,
2174 2013 2239 2047 eo
2268 1996 2422 2067 quod
2450 2000 2613 2068 quasi

1631 2095 1652 2116 σι
1674 2070 1866 2123 haheat
1908 2072 2081 2124 telum
2127 2090 2291 2124 suum
2316 2110 2332 2138 ,
2370 2073 2615 2148 ideoque

1631 2176 1654 2197 ι
1674 2151 1826 2203 triste
1874 2151 2201 2223 intelligitur
2218 2192 2234 2217 ‚
2272 2155 2360 2208 vel
2416 2158 2617 2210 mortis

1630 2255 1653 2276 ι
1674 2230 1907 2302 signum.
1927 2230 2089 2284 Unde
2109 2231 2335 2304 quidam
2356 2235 2459 2286 ait:

1626 2319 1669 2364 Ο
1704 2318 1902 2364 multum
1946 2330 2051 2365 ante
2095 2320 2207 2365 alias
2252 2320 2412 2367 infelix
2452 2322 2618 2369 littera

1750 2390 1906 2437 thsstal
1930 2411 1953 2432 ι

1703 2475 1788 2531 14.
1832 2472 1959 2535 Quin
1997 2484 2051 2519 tu
2090 2471 2285 2541 igitur-‚J
2330 2472 2617 2525 Hactenus

1624 2546 1831 2601 ironice
1854 2548 2071 2601 locutus
2098 2563 2213 2615 est3
2240 2570 2391 2603 nunc
2420 2566 2619 2623 aperte

1624 2628 1747 2699 agit.
1760 2626 1997 2693 Quando
2010 2628 2125 2683 haec
2141 2650 2261 2703 quae
2276 2630 2393 2684 dixi
2408 2634 2616 2699 nesciS‚

1624 2728 1724 2761 cur
1740 2722 1967 2763 tractare
1987 2710 2381 2782 rempublicam
2398 2726 2453 2766 et
2472 2712 2615 2765 boni

1622 2789 1889 2861 principis
1913 2790 2049 2842 facta
2077 2788 2333 2862 dictaque
2350 2791 2619 2845 affectare

1625 2868 1833 2922 tentas?
1848 2871 2047 2923 Desine
2060 2872 2273 2942 populo
2287 2872 2448 2925 verba
2460 2870 2615 2926 dare.

1624 2949 1897 3004 Adversus
1926 2952 2067 3003 hanc
2102 2964 2321 3017 notam,
2342 2952 2431 3006 vel
2462 2952 2620 3005 simi-

1624 3032 1733 3084 lem
1754 3033 1810 3083 in
1833 3032 2123 3103 interpret.
2148 3032 2290 3085 Gall.
2314 3032 2527 3087 abbatis
2546 3040 2619 3087 Le

1625 3115 1884 3173 Μοηιιίεν,
1912 3115 2123 3163 Dideroe
2146 3113 2317 3183 surgit
2335 3152 2352 3177 ,
2383 3112 2577 3167 dicens
2598 3134 2614 3165 ε

1632 3218 1654 3240 ι
1669 3194 1825 3246 Cette
1839 3206 1967 3245 note
1982 3207 2059 3245 est
2072 3194 2262 3245 sausse.
2278 3192 2501 3247 Socrate
2513 3196 2619 3251 fait

1631 3298 1655 3322 ι
1669 3292 1746 3325 un
1758 3292 1824 3327 en
1831 3276 2106 3347 thymeme
2119 3275 2520 3347 biensimplezil
2530 3275 2621 3331 dit

636 3456 702 3503 V.
735 3456 816 3503 13.
841 3456 908 3503 Ee
919 3454 1052 3518 potis
1083 3470 1134 3501 es
1166 3452 1361 3518 nigrum
1379 3486 1398 3515 ,
1430 3464 1521 3501 etc.
1550 3454 1671 3501 Post
1700 3451 1843 3500 hune
1870 3469 2075 3503 versum
2090 3487 2105 3514 ,
2132 3455 2193 3503 in
2218 3453 2331 3503 eod.
2362 3454 2623 3505 Thuaneo

564 3535 807 3586 inseritur
815 3553 830 3595 3

1037 3604 1079 3649 Ο
1105 3602 1306 3647 multum
1331 3610 1439 3647 ante
1467 3601 1577 3647 alias
1604 3600 1767 3649 infelix
1793 3602 1947 3649 littera
1966 3602 2124 3658 thetin

567 3706 626 3755 in
653 3704 764 3753 eod.
784 3688 1007 3763 Pithon}
1027 3702 1134 3749 haec
1157 3700 1320 3765 glossa
1351 3700 1552 3749 additur
1568 3701 1632 3749 :-1‘.
1662 3701 1798 3750 illam
1819 3702 2013 3751 literam
2036 3719 2154 3767 quae
2176 3677 2345 3770 signat
2364 3702 2622 3771 dampna-

569 3786 750 3835 tionem
768 3802 786 3832 .·
815 3784 944 3833 unde
967 3794 1019 3831 et
1033 3780 1198 3829 Sidon.
1215 3780 1435 3845 loquitur
1448 3782 1515 3829 sic
1527 3800 1546 3829 .-

1002 3867 1048 3913 Ο
1069 3866 1288 3911 multum
1311 3876 1432 3913 ante
1456 3868 1588 3913 alias
1604 3866 1793 3929 infelix
1814 3868 1966 3915 litera
1986 3867 2145 3916 theca.

572 3950 669 3999 Hic
701 3965 873 3997 versus
905 3947 1124 3995 insulsus
1157 3964 1264 3995 non
1303 3958 1378 3995 est
1416 3960 1549 3997 certe
1588 3951 1741 3997 Persii
1760 3984 1777 4009 ‚
1805 3966 1975 4016 neque
2010 3952 2179 4001 Sidon.
2214 3951 2383 4017 Apoll.
2420 3954 2514 4001 sed
2550 3971 2627 4005 er,

571 4032 738 4098 glossa
762 4025 966 4091 irrepsit
987 4028 1046 4076 in
1069 4038 1264 4075 textum
1280 4043 1292 4075 t
1310 4039 1363 4075 et
1389 4039 1466 4077 est
1494 4029 1713 4078 imitatio
1730 4030 2008 4100 Virgilium
2023 4064 2039 4091 ,
2065 4031 2278 4081 Aeneid.
2296 4034 2398 4093 111,
2422 4034 2523 4081 321
2548 4050 2562 4082 :

1095 4114 1137 4159 Ο
1163 4110 1276 4159 felix
1302 4128 1397 4159 una
1418 4122 1526 4160 ante
1553 4114 1665 4160 alias
1690 4110 1926 4161 Ptiameia‘
1939 4114 2089 4177 virgo.
