<?xml version="1.0" encoding="UTF-8"?>
<!DOCTYPE html PUBLIC "-//W3C//DTD XHTML 1.0 Transitional//EN"
    "http://www.w3.org/TR/xhtml1/DTD/xhtml1-transitional.dtd">
<html xmlns="http://www.w3.org/1999/xhtml" xml:lang="en" lang="en">
 <head>
  <title>
</title>
<meta http-equiv="Content-Type" content="text/html;charset=utf-8" />
  <meta name='ocr-system' content='tesseract 3.04.00' />
  <meta name='ocr-capabilities' content='ocr_page ocr_carea ocr_par ocr_line ocrx_word'/>
</head>
<body>
  <div class='ocr_page' id='page_1' title='image "aulipersiiflacc00achagoog_0083.png"; bbox 0 0 2775 4619; ppageno 0'>
   <div class='ocr_carea' id='block_1_1' title="bbox 239 441 2225 998">
    <p class='ocr_par' dir='ltr' id='par_1_1' title="bbox 239 441 2225 998">
     <span class='ocr_line' id='line_1_1' title="bbox 939 441 2225 542; baseline 0.009 -34"><span class='ocrx_word' id='word_1_1' title='bbox 939 441 986 508; x_wconf 87' lang='lat' dir='ltr'>S</span> <span class='ocrx_word' id='word_1_2' title='bbox 1001 450 1060 508; x_wconf 64' lang='lat' dir='ltr'><strong>A,</strong></span> <span class='ocrx_word' id='word_1_3' title='bbox 1075 445 1132 508; x_wconf 82' lang='grc' dir='ltr'><strong>Τ</strong></span> <span class='ocrx_word' id='word_1_4' title='bbox 1154 447 1184 508; x_wconf 93' lang='lat' dir='ltr'>I</span> <span class='ocrx_word' id='word_1_5' title='bbox 1205 447 1336 510; x_wconf 86' lang='lat' dir='ltr'><strong>RA</strong></span> <span class='ocrx_word' id='word_1_6' title='bbox 1400 447 1453 509; x_wconf 93' lang='lat' dir='ltr'><strong>I.</strong></span> <span class='ocrx_word' id='word_1_7' title='bbox 2140 456 2225 542; x_wconf 86' lang='lat'><strong>39</strong></span> 
     </span>
     <span class='ocr_line' id='line_1_2' title="bbox 535 564 2223 647; baseline 0.005 -19"><span class='ocrx_word' id='word_1_8' title='bbox 535 639 542 644; x_wconf 29' lang='lat'><strong>⁴</strong></span> <span class='ocrx_word' id='word_1_9' title='bbox 983 564 1417 634; x_wconf 57' lang='lat' dir='ltr'><strong>runs1uffi</strong></span> <span class='ocrx_word' id='word_1_10' title='bbox 2218 633 2223 647; x_wconf 81' lang='grc'><strong>,</strong></span> 
     </span>
     <span class='ocr_line' id='line_1_3' title="bbox 239 681 2221 776; baseline 0.004 -29"><span class='ocrx_word' id='word_1_11' title='bbox 239 683 373 748; x_wconf 81' lang='lat' dir='ltr'><strong>Hic</strong></span> <span class='ocrx_word' id='word_1_12' title='bbox 407 699 645 748; x_wconf 81' lang='lat' dir='ltr'><strong>tamen</strong></span> <span class='ocrx_word' id='word_1_13' title='bbox 679 681 1000 748; x_wconf 86' lang='lat' dir='ltr'><strong>infodiam</strong></span> <span class='ocrx_word' id='word_1_14' title='bbox 1012 706 1043 762; x_wconf 75' lang='lat'><strong>:³</strong></span> <span class='ocrx_word' id='word_1_15' title='bbox 1076 683 1252 766; x_wconf 82' lang='lat' dir='ltr'><strong>vidi,</strong></span> <span class='ocrx_word' id='word_1_16' title='bbox 1275 684 1413 750; x_wconf 83' lang='lat' dir='ltr'><strong>vidi</strong></span> <span class='ocrx_word' id='word_1_17' title='bbox 1442 685 1612 776; x_wconf 89' lang='lat' dir='ltr'><strong>ipse,</strong></span> <span class='ocrx_word' id='word_1_18' title='bbox 1636 687 1893 770; x_wconf 84' lang='lat' dir='ltr'>libelle,</span> <span class='ocrx_word' id='word_1_19' title='bbox 2120 719 2221 754; x_wconf 80' lang='lat'><strong>120</strong></span> 
     </span>
     <span class='ocr_line' id='line_1_4' title="bbox 239 800 2189 896; baseline 0.005 -33"><span class='ocrx_word' id='word_1_20' title='bbox 239 803 656 865; x_wconf 56' lang='lat' dir='ltr'><strong>Aunicnnas</strong></span> <span class='ocrx_word' id='word_1_21' title='bbox 686 823 862 865; x_wconf 64' lang='lat' dir='ltr'><strong>ssmr</strong></span> <span class='ocrx_word' id='word_1_22' title='bbox 885 800 1076 864; x_wconf 64' lang='lat' dir='ltr'><strong>Mum</strong></span> <span class='ocrx_word' id='word_1_23' title='bbox 1107 823 1234 866; x_wconf 69' lang='lat' dir='ltr'><strong>mix</strong></span> <span class='ocrx_word' id='word_1_24' title='bbox 1262 823 1501 866; x_wconf 75' lang='lat' dir='ltr'><strong>inim.</strong></span> <span class='ocrx_word' id='word_1_25' title='bbox 1534 803 1679 868; x_wconf 88' lang='lat' dir='ltr'><strong>Hoc</strong></span> <span class='ocrx_word' id='word_1_26' title='bbox 1706 825 1827 894; x_wconf 87' lang='lat' dir='ltr'><strong>ego</strong></span> <span class='ocrx_word' id='word_1_27' title='bbox 1852 822 2153 896; x_wconf 75' lang='lat' dir='ltr'><strong>opertum</strong></span> <span class='ocrx_word' id='word_1_28' title='bbox 2172 857 2189 888; x_wconf 88' lang='lat'>,</span> 
     </span>
     <span class='ocr_line' id='line_1_5' title="bbox 246 915 1821 998; baseline 0.004 -18"><span class='ocrx_word' id='word_1_29' title='bbox 246 917 397 980; x_wconf 89' lang='lat' dir='ltr'><strong>Hoc</strong></span> <span class='ocrx_word' id='word_1_30' title='bbox 425 915 656 980; x_wconf 84' lang='lat' dir='ltr'><strong>ridere</strong></span> <span class='ocrx_word' id='word_1_31' title='bbox 683 939 906 982; x_wconf 88' lang='lat' dir='ltr'><strong>meum</strong></span> <span class='ocrx_word' id='word_1_32' title='bbox 933 932 1064 980; x_wconf 87' lang='lat' dir='ltr'><strong>tam</strong></span> <span class='ocrx_word' id='word_1_33' title='bbox 1095 917 1226 998; x_wconf 88' lang='lat' dir='ltr'><strong>nil,</strong></span> <span class='ocrx_word' id='word_1_34' title='bbox 1253 917 1436 980; x_wconf 67' lang='lat' dir='ltr'><strong>nulla</strong></span> <span class='ocrx_word' id='word_1_35' title='bbox 1458 919 1583 982; x_wconf 88' lang='lat' dir='ltr'><strong>tibi</strong></span> <span class='ocrx_word' id='word_1_36' title='bbox 1606 919 1821 986; x_wconf 87' lang='lat' dir='ltr'><strong>vendo</strong></span> 
     </span>
    </p>
   </div>
   <div class='ocr_carea' id='block_1_2' title="bbox 168 1099 1182 4061">
    <p class='ocr_par' dir='ltr' id='par_1_2' title="bbox 168 1099 1163 2208">
     <span class='ocr_line' id='line_1_6' title="bbox 168 1099 1162 1172; baseline 0 -20"><span class='ocrx_word' id='word_1_37' title='bbox 168 1099 320 1172; x_wconf 86' lang='lat' dir='ltr'><strong>loqui</strong></span> <span class='ocrx_word' id='word_1_38' title='bbox 365 1101 527 1154; x_wconf 86' lang='lat' dir='ltr'><strong>nefas</strong></span> <span class='ocrx_word' id='word_1_39' title='bbox 547 1139 566 1166; x_wconf 86' lang='lat'>,</span> <span class='ocrx_word' id='word_1_40' title='bbox 609 1111 665 1154; x_wconf 88' lang='lat' dir='ltr'><strong>et</strong></span> <span class='ocrx_word' id='word_1_41' title='bbox 707 1119 928 1172; x_wconf 85' lang='lat' dir='ltr'><strong>carpere</strong></span> <span class='ocrx_word' id='word_1_42' title='bbox 963 1117 1162 1172; x_wconf 81' lang='lat' dir='ltr'><strong>pravos</strong></span> 
     </span>
     <span class='ocr_line' id='line_1_7' title="bbox 168 1179 1162 1232; baseline -0.001 0"><span class='ocrx_word' id='word_1_43' title='bbox 168 1181 468 1232; x_wconf 86' lang='lat' dir='ltr'><strong>hominum</strong></span> <span class='ocrx_word' id='word_1_44' title='bbox 501 1199 702 1232; x_wconf 88' lang='lat' dir='ltr'><strong>mores.</strong></span> <span class='ocrx_word' id='word_1_45' title='bbox 723 1211 792 1220; x_wconf 92' lang='lat'><strong>-—</strong></span> <span class='ocrx_word' id='word_1_46' title='bbox 809 1182 1004 1231; x_wconf 81' lang='lat' dir='ltr'><strong>Mucire.</strong></span> <span class='ocrx_word' id='word_1_47' title='bbox 1034 1179 1162 1232; x_wconf 86' lang='lat' dir='ltr'><strong>sub-</strong></span> 
     </span>
     <span class='ocr_line' id='line_1_8' title="bbox 169 1261 1160 1334; baseline 0.002 -22"><span class='ocrx_word' id='word_1_48' title='bbox 169 1261 325 1313; x_wconf 67' lang='lat' dir='ltr'><strong>missa</strong></span> <span class='ocrx_word' id='word_1_49' title='bbox 341 1281 482 1314; x_wconf 82' lang='lat' dir='ltr'><strong>voce</strong></span> <span class='ocrx_word' id='word_1_50' title='bbox 505 1262 681 1334; x_wconf 87' lang='lat' dir='ltr'><strong>loqui.</strong></span> <span class='ocrx_word' id='word_1_51' title='bbox 698 1293 770 1302; x_wconf 88' lang='lat'><strong>-—-</strong></span> <span class='ocrx_word' id='word_1_52' title='bbox 784 1265 884 1312; x_wconf 84' lang='lat' dir='ltr'><strong>Nec</strong></span> <span class='ocrx_word' id='word_1_53' title='bbox 901 1265 1047 1314; x_wconf 85' lang='lat' dir='ltr'><strong>clam.</strong></span> <span class='ocrx_word' id='word_1_54' title='bbox 1069 1261 1160 1314; x_wconf 86' lang='lat' dir='ltr'><strong>Se-</strong></span> 
     </span>
     <span class='ocr_line' id='line_1_9' title="bbox 171 1344 1162 1406; baseline 0.001 -13"><span class='ocrx_word' id='word_1_55' title='bbox 171 1356 341 1406; x_wconf 89' lang='lat' dir='ltr'><strong>creto,</strong></span> <span class='ocrx_word' id='word_1_56' title='bbox 363 1344 520 1396; x_wconf 86' lang='lat' dir='ltr'><strong>inter</strong></span> <span class='ocrx_word' id='word_1_57' title='bbox 542 1345 1026 1397; x_wconf 82' lang='lat' dir='ltr'><strong>familiares.-Nec</strong></span> <span class='ocrx_word' id='word_1_58' title='bbox 1049 1361 1162 1394; x_wconf 83' lang='lat' dir='ltr'><strong>cum</strong></span> 
     </span>
     <span class='ocr_line' id='line_1_10' title="bbox 168 1418 1157 1498; baseline 0.002 -23"><span class='ocrx_word' id='word_1_59' title='bbox 168 1427 351 1476; x_wconf 80' lang='lat' dir='ltr'><em>scrobe.</em></span> <span class='ocrx_word' id='word_1_60' title='bbox 372 1418 576 1498; x_wconf 70' lang='grc' dir='ltr'><strong>Ᾰκύρως</strong></span> <span class='ocrx_word' id='word_1_61' title='bbox 590 1465 608 1491; x_wconf 87' lang='grc'><em>,</em></span> <span class='ocrx_word' id='word_1_62' title='bbox 628 1445 730 1497; x_wconf 89' lang='lat' dir='ltr'><strong>pro</strong></span> <span class='ocrx_word' id='word_1_63' title='bbox 753 1426 932 1486; x_wconf 75' lang='lat' dir='ltr'><strong>necin</strong></span> <span class='ocrx_word' id='word_1_64' title='bbox 947 1425 1157 1478; x_wconf 81' lang='lat' dir='ltr'><strong>scrobe.</strong></span> 
     </span>
     <span class='ocr_line' id='line_1_11' title="bbox 171 1504 1158 1576; baseline 0 -20"><span class='ocrx_word' id='word_1_65' title='bbox 171 1507 376 1558; x_wconf 80' lang='lat' dir='ltr'><strong>Allusio</strong></span> <span class='ocrx_word' id='word_1_66' title='bbox 399 1505 471 1558; x_wconf 86' lang='lat' dir='ltr'><strong>ad</strong></span> <span class='ocrx_word' id='word_1_67' title='bbox 501 1519 781 1559; x_wconf 81' lang='lat' dir='ltr'><strong>tonsorem</strong></span> <span class='ocrx_word' id='word_1_68' title='bbox 806 1504 971 1559; x_wconf 66' lang='lat' dir='ltr'><strong>Mida</strong></span> <span class='ocrx_word' id='word_1_69' title='bbox 986 1543 1003 1571; x_wconf 86' lang='lat'>‚</span> <span class='ocrx_word' id='word_1_70' title='bbox 1027 1505 1126 1576; x_wconf 88' lang='lat' dir='ltr'><strong>qui</strong></span> <span class='ocrx_word' id='word_1_71' title='bbox 1141 1539 1158 1569; x_wconf 88' lang='lat'>,</span> 
     </span>
     <span class='ocr_line' id='line_1_12' title="bbox 172 1586 1163 1656; baseline 0 -18"><span class='ocrx_word' id='word_1_72' title='bbox 172 1590 293 1638; x_wconf 73' lang='lat' dir='ltr'><strong>cum</strong></span> <span class='ocrx_word' id='word_1_73' title='bbox 311 1587 364 1640; x_wconf 90' lang='lat' dir='ltr'><strong>ei</strong></span> <span class='ocrx_word' id='word_1_74' title='bbox 379 1586 608 1640; x_wconf 87' lang='lat' dir='ltr'><strong>vidisset</strong></span> <span class='ocrx_word' id='word_1_75' title='bbox 676 1587 846 1639; x_wconf 80' lang='lat' dir='ltr'><strong>‘ninas</strong></span> <span class='ocrx_word' id='word_1_76' title='bbox 861 1602 972 1656; x_wconf 85' lang='lat' dir='ltr'><strong>esse</strong></span> <span class='ocrx_word' id='word_1_77' title='bbox 984 1604 1163 1649; x_wconf 86' lang='lat' dir='ltr'><strong>aures,</strong></span> 
     </span>
     <span class='ocr_line' id='line_1_13' title="bbox 177 1605 1162 1738; baseline 0 -20"><span class='ocrx_word' id='word_1_78' title='bbox 177 1685 274 1718; x_wconf 85' lang='lat' dir='ltr'><strong>nec</strong></span> <span class='ocrx_word' id='word_1_79' title='bbox 289 1668 478 1738; x_wconf 87' lang='lat' dir='ltr'><strong>palam</strong></span> <span class='ocrx_word' id='word_1_80' title='bbox 497 1605 728 1722; x_wconf 51' lang='lat' dir='ltr'><strong>audii-st</strong></span> <span class='ocrx_word' id='word_1_81' title='bbox 749 1667 1014 1738; x_wconf 77' lang='lat' dir='ltr'><strong>evulgare,</strong></span> <span class='ocrx_word' id='word_1_82' title='bbox 1026 1685 1162 1738; x_wconf 90' lang='lat' dir='ltr'><strong>pru·</strong></span> 
     </span>
     <span class='ocr_line' id='line_1_14' title="bbox 177 1748 1162 1818; baseline 0.002 -20"><span class='ocrx_word' id='word_1_83' title='bbox 177 1748 338 1799; x_wconf 86' lang='lat' dir='ltr'><strong>rienti</strong></span> <span class='ocrx_word' id='word_1_84' title='bbox 357 1748 567 1818; x_wconf 82' lang='lat' dir='ltr'><strong>linguae</strong></span> <span class='ocrx_word' id='word_1_85' title='bbox 587 1759 649 1799; x_wconf 87' lang='lat' dir='ltr'><strong>ut</strong></span> <span class='ocrx_word' id='word_1_86' title='bbox 670 1748 995 1800; x_wconf 78' lang='lat' dir='ltr'><strong>satisfaceret</strong></span> <span class='ocrx_word' id='word_1_87' title='bbox 1014 1785 1031 1810; x_wconf 81' lang='lat'>‚</span> <span class='ocrx_word' id='word_1_88' title='bbox 1053 1760 1162 1800; x_wconf 87' lang='lat' dir='ltr'><strong>ter-</strong></span> 
     </span>
     <span class='ocr_line' id='line_1_15' title="bbox 179 1828 1160 1892; baseline 0.001 -13"><span class='ocrx_word' id='word_1_89' title='bbox 179 1847 290 1880; x_wconf 88' lang='lat' dir='ltr'><strong>ram</strong></span> <span class='ocrx_word' id='word_1_90' title='bbox 321 1828 527 1882; x_wconf 80' lang='lat' dir='ltr'><strong>effodit</strong></span> <span class='ocrx_word' id='word_1_91' title='bbox 546 1867 563 1892; x_wconf 81' lang='lat'>‚</span> <span class='ocrx_word' id='word_1_92' title='bbox 593 1843 648 1882; x_wconf 82' lang='lat' dir='ltr'><strong>et</strong></span> <span class='ocrx_word' id='word_1_93' title='bbox 678 1829 858 1881; x_wconf 85' lang='lat' dir='ltr'><strong>scrobi</strong></span> <span class='ocrx_word' id='word_1_94' title='bbox 889 1829 1040 1882; x_wconf 76' lang='lat' dir='ltr'><strong>factae</strong></span> <span class='ocrx_word' id='word_1_95' title='bbox 1071 1829 1160 1880; x_wconf 89' lang='lat' dir='ltr'><strong>in-</strong></span> 
     </span>
     <span class='ocr_line' id='line_1_16' title="bbox 181 1907 1162 1980; baseline 0.001 -21"><span class='ocrx_word' id='word_1_96' title='bbox 181 1909 478 1963; x_wconf 79' lang='lat' dir='ltr'><strong>susurravit</strong></span> <span class='ocrx_word' id='word_1_97' title='bbox 498 1908 556 1961; x_wconf 87' lang='lat' dir='ltr'><strong>id</strong></span> <span class='ocrx_word' id='word_1_98' title='bbox 578 1907 976 1980; x_wconf 81' lang='lat' dir='ltr'><strong>quod·viderat.</strong></span> <span class='ocrx_word' id='word_1_99' title='bbox 998 1908 1162 1964; x_wconf 74' lang='lat' dir='ltr'><strong>ovid:</strong></span> 
     </span>
     <span class='ocr_line' id='line_1_17' title="bbox 181 1990 1162 2063; baseline 0.001 -22"><span class='ocrx_word' id='word_1_100' title='bbox 181 1990 396 2042; x_wconf 85' lang='lat' dir='ltr'><strong>Metam.</strong></span> <span class='ocrx_word' id='word_1_101' title='bbox 432 1991 530 2042; x_wconf 85' lang='lat' dir='ltr'><strong>lib.</strong></span> <span class='ocrx_word' id='word_1_102' title='bbox 559 1991 644 2042; x_wconf 90' lang='lat' dir='ltr'><strong>XI</strong></span> <span class='ocrx_word' id='word_1_103' title='bbox 659 2028 676 2053; x_wconf 95' lang='lat'>‚</span> <span class='ocrx_word' id='word_1_104' title='bbox 705 2009 822 2063; x_wconf 87' lang='lat' dir='ltr'><strong>cap.</strong></span> <span class='ocrx_word' id='word_1_105' title='bbox 861 1998 894 2054; x_wconf 76' lang='grc'><em>4</em></span> <span class='ocrx_word' id='word_1_106' title='bbox 927 2003 984 2043; x_wconf 86' lang='lat' dir='ltr'><strong>et</strong></span> <span class='ocrx_word' id='word_1_107' title='bbox 1021 1991 1072 2044; x_wconf 87' lang='lat'><strong>5.</strong></span> <span class='ocrx_word' id='word_1_108' title='bbox 1089 2019 1162 2030; x_wconf 87' lang='lat'><strong>-·-</strong></span> 
     </span>
     <span class='ocr_line' id='line_1_18' title="bbox 183 2069 1162 2142; baseline 0.004 -22"><span class='ocrx_word' id='word_1_109' title='bbox 183 2075 447 2137; x_wconf 75' lang='lat' dir='ltr'><strong>Nusquam.</strong></span> <span class='ocrx_word' id='word_1_110' title='bbox 473 2072 778 2142; x_wconf 83' lang='lat' dir='ltr'><strong>Responsio</strong></span> <span class='ocrx_word' id='word_1_111' title='bbox 804 2069 941 2124; x_wconf 88' lang='lat' dir='ltr'><strong>dura</strong></span> <span class='ocrx_word' id='word_1_112' title='bbox 971 2070 1162 2126; x_wconf 83' lang='lat' dir='ltr'><strong>adver·</strong></span> 
     </span>
     <span class='ocr_line' id='line_1_19' title="bbox 187 2151 409 2208; baseline 0.005 -7"><span class='ocrx_word' id='word_1_113' title='bbox 187 2151 321 2208; x_wconf 79' lang='lat' dir='ltr'><strong>sarii.</strong></span> <span class='ocrx_word' id='word_1_114' title='bbox 343 2151 409 2202; x_wconf 93' lang='lat' dir='ltr'><strong>P.</strong></span> 
     </span>
    </p>

    <p class='ocr_par' dir='ltr' id='par_1_3' title="bbox 189 2231 1166 2789">
     <span class='ocr_line' id='line_1_20' title="bbox 257 2231 1162 2302; baseline 0.001 -19"><span class='ocrx_word' id='word_1_115' title='bbox 257 2249 372 2283; x_wconf 77' lang='lat'><strong>120.</strong></span> <span class='ocrx_word' id='word_1_116' title='bbox 391 2232 486 2283; x_wconf 73' lang='lat' dir='ltr'><strong>Hz‘c</strong></span> <span class='ocrx_word' id='word_1_117' title='bbox 503 2246 668 2282; x_wconf 78' lang='lat' dir='ltr'><strong>tamen</strong></span> <span class='ocrx_word' id='word_1_118' title='bbox 685 2232 962 2302; x_wconf 61' lang='lat' dir='ltr'><strong>infodiam]</strong></span> <span class='ocrx_word' id='word_1_119' title='bbox 976 2231 1042 2286; x_wconf 85' lang='lat' dir='ltr'><strong>Id</strong></span> <span class='ocrx_word' id='word_1_120' title='bbox 1061 2243 1162 2297; x_wconf 80' lang='lat' dir='ltr'><strong>est,</strong></span> 
     </span>
     <span class='ocr_line' id='line_1_21' title="bbox 189 2312 1164 2379; baseline 0 -16"><span class='ocrx_word' id='word_1_121' title='bbox 189 2312 314 2374; x_wconf 70' lang='lat' dir='ltr'><strong>Hic,</strong></span> <span class='ocrx_word' id='word_1_122' title='bbox 333 2312 392 2363; x_wconf 86' lang='lat' dir='ltr'><strong>in</strong></span> <span class='ocrx_word' id='word_1_123' title='bbox 414 2313 524 2367; x_wconf 85' lang='lat' dir='ltr'><strong>hoc</strong></span> <span class='ocrx_word' id='word_1_124' title='bbox 548 2331 672 2365; x_wconf 87' lang='lat' dir='ltr'><strong>meo</strong></span> <span class='ocrx_word' id='word_1_125' title='bbox 695 2314 934 2367; x_wconf 83' lang='lat' dir='ltr'><strong>carmine</strong></span> <span class='ocrx_word' id='word_1_126' title='bbox 949 2353 968 2379; x_wconf 88' lang='lat'>,</span> <span class='ocrx_word' id='word_1_127' title='bbox 987 2312 1164 2366; x_wconf 86' lang='lat' dir='ltr'><strong>cousi-</strong></span> 
     </span>
     <span class='ocr_line' id='line_1_22' title="bbox 191 2390 1166 2463; baseline 0 -18"><span class='ocrx_word' id='word_1_128' title='bbox 191 2390 377 2463; x_wconf 59' lang='lat' dir='ltr'><strong>guatho,</strong></span> <span class='ocrx_word' id='word_1_129' title='bbox 388 2394 522 2446; x_wconf 88' lang='lat' dir='ltr'><strong>huic</strong></span> <span class='ocrx_word' id='word_1_130' title='bbox 537 2394 736 2448; x_wconf 76' lang='lat' dir='ltr'><strong>chartae</strong></span> <span class='ocrx_word' id='word_1_131' title='bbox 749 2394 966 2447; x_wconf 85' lang='lat' dir='ltr'><strong>credam</strong></span> <span class='ocrx_word' id='word_1_132' title='bbox 980 2415 997 2460; x_wconf 70' lang='grc' dir='ltr'><strong>ς</strong></span> <span class='ocrx_word' id='word_1_133' title='bbox 1013 2392 1166 2447; x_wconf 77' lang='lat' dir='ltr'><strong>dein-</strong></span> 
     </span>
     <span class='ocr_line' id='line_1_23' title="bbox 194 2474 1162 2546; baseline 0.001 -21"><span class='ocrx_word' id='word_1_134' title='bbox 194 2474 255 2527; x_wconf 87' lang='lat' dir='ltr'><strong>de</strong></span> <span class='ocrx_word' id='word_1_135' title='bbox 277 2493 392 2526; x_wconf 83' lang='lat' dir='ltr'><strong>eam</strong></span> <span class='ocrx_word' id='word_1_136' title='bbox 418 2476 665 2527; x_wconf 82' lang='lat' dir='ltr'><strong>occulam</strong></span> <span class='ocrx_word' id='word_1_137' title='bbox 683 2511 700 2539; x_wconf 90' lang='lat'>‚</span> <span class='ocrx_word' id='word_1_138' title='bbox 725 2494 786 2527; x_wconf 89' lang='lat' dir='ltr'><strong>ac</strong></span> <span class='ocrx_word' id='word_1_139' title='bbox 811 2474 966 2546; x_wconf 82' lang='lat' dir='ltr'><strong>quasi</strong></span> <span class='ocrx_word' id='word_1_140' title='bbox 990 2476 1162 2527; x_wconf 90' lang='lat' dir='ltr'><strong>humo</strong></span> 
     </span>
     <span class='ocr_line' id='line_1_24' title="bbox 195 2556 1161 2625; baseline 0.002 -20"><span class='ocrx_word' id='word_1_141' title='bbox 195 2568 390 2625; x_wconf 83' lang='lat' dir='ltr'><strong>aggesta</strong></span> <span class='ocrx_word' id='word_1_142' title='bbox 413 2556 644 2609; x_wconf 83' lang='lat' dir='ltr'><strong>obruam</strong></span> <span class='ocrx_word' id='word_1_143' title='bbox 663 2595 681 2621; x_wconf 90' lang='lat'>‚</span> <span class='ocrx_word' id='word_1_144' title='bbox 709 2568 764 2609; x_wconf 88' lang='lat' dir='ltr'><strong>et</strong></span> <span class='ocrx_word' id='word_1_145' title='bbox 784 2556 964 2609; x_wconf 86' lang='lat' dir='ltr'><strong>dicam</strong></span> <span class='ocrx_word' id='word_1_146' title='bbox 984 2575 996 2605; x_wconf 90' lang='lat'><strong>:</strong></span> <span class='ocrx_word' id='word_1_147' title='bbox 1019 2557 1161 2615; x_wconf 77' lang='lat' dir='ltr'><strong>vidi,</strong></span> 
     </span>
     <span class='ocr_line' id='line_1_25' title="bbox 195 2638 1160 2701; baseline 0.002 -16"><span class='ocrx_word' id='word_1_148' title='bbox 195 2638 298 2685; x_wconf 76' lang='lat' dir='ltr'><strong>vidi</strong></span> <span class='ocrx_word' id='word_1_149' title='bbox 312 2640 408 2701; x_wconf 80' lang='lat' dir='ltr'><strong>ipse</strong></span> <span class='ocrx_word' id='word_1_150' title='bbox 417 2662 446 2697; x_wconf 84' lang='lat'><strong>‚·</strong></span> <span class='ocrx_word' id='word_1_151' title='bbox 457 2652 548 2687; x_wconf 78' lang='lat' dir='ltr'><strong>etc.</strong></span> <span class='ocrx_word' id='word_1_152' title='bbox 571 2639 635 2690; x_wconf 90' lang='lat' dir='ltr'><strong>C.</strong></span> <span class='ocrx_word' id='word_1_153' title='bbox 647 2668 720 2677; x_wconf 90' lang='lat'><strong>-—-</strong></span> <span class='ocrx_word' id='word_1_154' title='bbox 734 2640 850 2689; x_wconf 85' lang='lat' dir='ltr'><strong>Vidi</strong></span> <span class='ocrx_word' id='word_1_155' title='bbox 861 2676 879 2698; x_wconf 89' lang='lat'>‚</span> <span class='ocrx_word' id='word_1_156' title='bbox 899 2639 1024 2687; x_wconf 76' lang='lat' dir='ltr'><strong>vidi.</strong></span> <span class='ocrx_word' id='word_1_157' title='bbox 1044 2638 1160 2688; x_wconf 85' lang='lat' dir='ltr'><strong>Ma·</strong></span> 
     </span>
     <span class='ocr_line' id='line_1_26' title="bbox 195 2716 1162 2789; baseline 0 -22"><span class='ocrx_word' id='word_1_158' title='bbox 195 2734 288 2785; x_wconf 78' lang='lat' dir='ltr'><strong>gna</strong></span> <span class='ocrx_word' id='word_1_159' title='bbox 301 2717 568 2787; x_wconf 81' lang='lat' dir='ltr'><strong>emphasis</strong></span> <span class='ocrx_word' id='word_1_160' title='bbox 575 2717 636 2769; x_wconf 84' lang='lat' dir='ltr'><strong>in</strong></span> <span class='ocrx_word' id='word_1_161' title='bbox 645 2718 746 2770; x_wconf 90' lang='lat' dir='ltr'><strong>hac</strong></span> <span class='ocrx_word' id='word_1_162' title='bbox 758 2716 1162 2789; x_wconf 84' lang='lat' dir='ltr'><strong>repetitione.A.</strong></span> 
     </span>
    </p>

    <p class='ocr_par' dir='ltr' id='par_1_4' title="bbox 199 2790 1175 3740">
     <span class='ocr_line' id='line_1_27' title="bbox 266 2790 1163 2839; baseline -0.002 0"><span class='ocrx_word' id='word_1_163' title='bbox 266 2806 354 2839; x_wconf 84' lang='lat'><strong>121</strong></span> <span class='ocrx_word' id='word_1_164' title='bbox 368 2827 380 2838; x_wconf 90' lang='lat'><strong>.</strong></span> <span class='ocrx_word' id='word_1_165' title='bbox 427 2792 695 2839; x_wconf 79' lang='lat' dir='ltr'><strong>Auriculas</strong></span> <span class='ocrx_word' id='word_1_166' title='bbox 733 2792 866 2839; x_wconf 81' lang='lat' dir='ltr'><strong>asini</strong></span> <span class='ocrx_word' id='word_1_167' title='bbox 896 2790 1035 2839; x_wconf 81' lang='lat' dir='ltr'><strong>Mida</strong></span> <span class='ocrx_word' id='word_1_168' title='bbox 1071 2807 1163 2839; x_wconf 74' lang='lat' dir='ltr'><strong>rex</strong></span> 
     </span>
     <span class='ocr_line' id='line_1_28' title="bbox 199 2868 1164 2939; baseline 0.005 -23"><span class='ocrx_word' id='word_1_169' title='bbox 199 2870 368 2935; x_wconf 59' lang='lat' dir='ltr'><strong>habea]</strong></span> <span class='ocrx_word' id='word_1_170' title='bbox 381 2868 656 2922; x_wconf 87' lang='lat' dir='ltr'><strong>Cornutus</strong></span> <span class='ocrx_word' id='word_1_171' title='bbox 669 2870 841 2923; x_wconf 86' lang='lat' dir='ltr'><strong>Persii</strong></span> <span class='ocrx_word' id='word_1_172' title='bbox 859 2882 1164 2939; x_wconf 78' lang='lat' dir='ltr'><strong>proeceptor</strong></span> 
     </span>
     <span class='ocr_line' id='line_1_29' title="bbox 199 2950 1162 3020; baseline -0.001 -20"><span class='ocrx_word' id='word_1_173' title='bbox 199 2960 246 3000; x_wconf 88' lang='lat' dir='ltr'><strong>et</strong></span> <span class='ocrx_word' id='word_1_174' title='bbox 279 2950 513 3014; x_wconf 73' lang='lat' dir='ltr'><strong>amicuS,</strong></span> <span class='ocrx_word' id='word_1_175' title='bbox 545 2950 782 3003; x_wconf 87' lang='lat' dir='ltr'><strong>Neronis</strong></span> <span class='ocrx_word' id='word_1_176' title='bbox 817 2960 1001 3011; x_wconf 84' lang='lat' dir='ltr'><strong>metu,</strong></span> <span class='ocrx_word' id='word_1_177' title='bbox 1027 2955 1162 3020; x_wconf 75' lang='lat' dir='ltr'><strong>poe·-</strong></span> 
     </span>
     <span class='ocr_line' id='line_1_30' title="bbox 199 3030 1172 3101; baseline 0 -23"><span class='ocrx_word' id='word_1_178' title='bbox 199 3040 294 3079; x_wconf 83' lang='lat' dir='ltr'><strong>tam</strong></span> <span class='ocrx_word' id='word_1_179' title='bbox 329 3030 620 3101; x_wconf 77' lang='lat' dir='ltr'><strong>impulerat</strong></span> <span class='ocrx_word' id='word_1_180' title='bbox 639 3066 656 3093; x_wconf 90' lang='lat'>,</span> <span class='ocrx_word' id='word_1_181' title='bbox 691 3044 756 3083; x_wconf 91' lang='lat' dir='ltr'><strong>ut</strong></span> <span class='ocrx_word' id='word_1_182' title='bbox 799 3032 939 3085; x_wconf 81' lang='lat' dir='ltr'><strong>hanc</strong></span> <span class='ocrx_word' id='word_1_183' title='bbox 975 3030 1172 3085; x_wconf 63' lang='lat' dir='ltr'><strong>versus.</strong></span> 
     </span>
     <span class='ocr_line' id='line_1_31' title="bbox 199 3109 1164 3177; baseline 0.003 -19"><span class='ocrx_word' id='word_1_184' title='bbox 199 3121 394 3177; x_wconf 85' lang='lat' dir='ltr'><strong>partem</strong></span> <span class='ocrx_word' id='word_1_185' title='bbox 431 3112 573 3160; x_wconf 85' lang='lat' dir='ltr'><strong>Mida</strong></span> <span class='ocrx_word' id='word_1_186' title='bbox 608 3129 700 3161; x_wconf 78' lang='lat' dir='ltr'><strong>rea:</strong></span> <span class='ocrx_word' id='word_1_187' title='bbox 745 3112 894 3161; x_wconf 70' lang='lat' dir='ltr'><strong>habet</strong></span> <span class='ocrx_word' id='word_1_188' title='bbox 913 3146 930 3172; x_wconf 90' lang='lat'>‚</span> <span class='ocrx_word' id='word_1_189' title='bbox 961 3128 993 3162; x_wconf 85' lang='lat' dir='ltr'><strong>a</strong></span> <span class='ocrx_word' id='word_1_190' title='bbox 1035 3109 1164 3162; x_wconf 86' lang='lat' dir='ltr'><strong>sede</strong></span> 
     </span>
     <span class='ocr_line' id='line_1_32' title="bbox 203 3189 1173 3262; baseline 0.002 -24"><span class='ocrx_word' id='word_1_191' title='bbox 203 3202 428 3241; x_wconf 79' lang='lat' dir='ltr'><strong>moveret</strong></span> <span class='ocrx_word' id='word_1_192' title='bbox 453 3227 469 3252; x_wconf 89' lang='lat'>,</span> <span class='ocrx_word' id='word_1_193' title='bbox 511 3203 673 3262; x_wconf 87' lang='lat' dir='ltr'><strong>atque</strong></span> <span class='ocrx_word' id='word_1_194' title='bbox 715 3190 776 3243; x_wconf 84' lang='lat' dir='ltr'><strong>in</strong></span> <span class='ocrx_word' id='word_1_195' title='bbox 821 3192 938 3261; x_wconf 83' lang='lat' dir='ltr'><strong>ejus</strong></span> <span class='ocrx_word' id='word_1_196' title='bbox 981 3189 1173 3241; x_wconf 86' lang='lat' dir='ltr'><strong>locum-</strong></span> 
     </span>
     <span class='ocr_line' id='line_1_33' title="bbox 204 3267 1166 3340; baseline 0.001 -22"><span class='ocrx_word' id='word_1_197' title='bbox 204 3267 494 3335; x_wconf 82' lang='lat' dir='ltr'><strong>sufficeret‚</strong></span> <span class='ocrx_word' id='word_1_198' title='bbox 529 3272 638 3336; x_wconf 79' lang='lat' dir='ltr'><strong>quis</strong></span> <span class='ocrx_word' id='word_1_199' title='bbox 669 3290 768 3321; x_wconf 78' lang='lat' dir='ltr'><strong>non</strong></span> <span class='ocrx_word' id='word_1_200' title='bbox 799 3272 982 3329; x_wconf 54' lang='lat' dir='ltr'><strong>haben</strong></span> <span class='ocrx_word' id='word_1_201' title='bbox 1015 3267 1166 3340; x_wconf 90' lang='lat' dir='ltr'><strong>quod</strong></span> 
     </span>
     <span class='ocr_line' id='line_1_34' title="bbox 205 3346 1168 3418; baseline 0.002 -21"><span class='ocrx_word' id='word_1_202' title='bbox 205 3346 442 3401; x_wconf 88' lang='lat' dir='ltr'><strong>omnibus</strong></span> <span class='ocrx_word' id='word_1_203' title='bbox 470 3362 662 3401; x_wconf 87' lang='lat' dir='ltr'><strong>notum</strong></span> <span class='ocrx_word' id='word_1_204' title='bbox 691 3362 785 3401; x_wconf 89' lang='lat' dir='ltr'><strong>est.</strong></span> <span class='ocrx_word' id='word_1_205' title='bbox 807 3348 1028 3401; x_wconf 82' lang='lat' dir='ltr'><strong>Frustra</strong></span> <span class='ocrx_word' id='word_1_206' title='bbox 1046 3347 1168 3418; x_wconf 88' lang='lat' dir='ltr'><strong>qui·</strong></span> 
     </span>
     <span class='ocr_line' id='line_1_35' title="bbox 207 3425 1172 3499; baseline -0.002 -20"><span class='ocrx_word' id='word_1_207' title='bbox 207 3425 318 3479; x_wconf 87' lang='lat' dir='ltr'><strong>dam</strong></span> <span class='ocrx_word' id='word_1_208' title='bbox 330 3429 658 3481; x_wconf 84' lang='lat' dir='ltr'><strong>recentiores</strong></span> <span class='ocrx_word' id='word_1_209' title='bbox 669 3430 847 3489; x_wconf 77' lang='lat' dir='ltr'><strong>,critici</strong></span> <span class='ocrx_word' id='word_1_210' title='bbox 867 3448 970 3481; x_wconf 91' lang='lat' dir='ltr'><strong>con</strong></span> <span class='ocrx_word' id='word_1_211' title='bbox 978 3443 1058 3484; x_wconf 86' lang='lat' dir='ltr'><strong>tra</strong></span> <span class='ocrx_word' id='word_1_212' title='bbox 1070 3446 1172 3499; x_wconf 87' lang='lat' dir='ltr'><strong>pu-</strong></span> 
     </span>
     <span class='ocr_line' id='line_1_36' title="bbox 206 3506 1172 3579; baseline 0.002 -22"><span class='ocrx_word' id='word_1_213' title='bbox 206 3519 356 3576; x_wconf 81' lang='lat' dir='ltr'><strong>gnant</strong></span> <span class='ocrx_word' id='word_1_214' title='bbox 371 3506 642 3574; x_wconf 86' lang='lat' dir='ltr'><strong>dicentes;</strong></span> <span class='ocrx_word' id='word_1_215' title='bbox 659 3528 771 3561; x_wconf 86' lang='lat' dir='ltr'><strong>non</strong></span> <span class='ocrx_word' id='word_1_216' title='bbox 791 3508 974 3561; x_wconf 87' lang='lat' dir='ltr'><strong>minus</strong></span> <span class='ocrx_word' id='word_1_217' title='bbox 987 3518 1172 3579; x_wconf 84' lang='lat' dir='ltr'><strong>aperte</strong></span> 
     </span>
     <span class='ocr_line' id='line_1_37' title="bbox 206 3585 1175 3653; baseline 0.003 -15"><span class='ocrx_word' id='word_1_218' title='bbox 206 3585 366 3639; x_wconf 76' lang='lat' dir='ltr'><strong>videri</strong></span> <span class='ocrx_word' id='word_1_219' title='bbox 385 3600 634 3641; x_wconf 87' lang='lat' dir='ltr'><strong>notatum</strong></span> <span class='ocrx_word' id='word_1_220' title='bbox 649 3588 923 3641; x_wconf 84' lang='lat' dir='ltr'><strong>Neronem</strong></span> <span class='ocrx_word' id='word_1_221' title='bbox 937 3626 954 3653; x_wconf 88' lang='lat'>,</span> <span class='ocrx_word' id='word_1_222' title='bbox 970 3588 1015 3640; x_wconf 90' lang='lat' dir='ltr'><strong>si</strong></span> <span class='ocrx_word' id='word_1_223' title='bbox 1035 3600 1175 3641; x_wconf 85' lang='lat' dir='ltr'><strong>attu-</strong></span> 
     </span>
     <span class='ocr_line' id='line_1_38' title="bbox 207 3664 1172 3740; baseline 0.001 -25"><span class='ocrx_word' id='word_1_224' title='bbox 207 3664 318 3719; x_wconf 88' lang='lat' dir='ltr'><strong>leris</strong></span> <span class='ocrx_word' id='word_1_225' title='bbox 338 3667 554 3739; x_wconf 79' lang='lat' dir='ltr'><strong>vulgata</strong></span> <span class='ocrx_word' id='word_1_226' title='bbox 579 3670 645 3721; x_wconf 87' lang='lat' dir='ltr'><strong>ab</strong></span> <span class='ocrx_word' id='word_1_227' title='bbox 678 3688 744 3724; x_wconf 86' lang='lat' dir='ltr'><strong>eo</strong></span> <span class='ocrx_word' id='word_1_228' title='bbox 773 3670 968 3740; x_wconf 84' lang='lat' dir='ltr'><strong>scripta</strong></span> <span class='ocrx_word' id='word_1_229' title='bbox 987 3706 1003 3733; x_wconf 92' lang='lat'><strong>,</strong></span> <span class='ocrx_word' id='word_1_230' title='bbox 1040 3682 1172 3719; x_wconf 80' lang='lat' dir='ltr'><strong>torva</strong></span> 
     </span>
    </p>

    <p class='ocr_par' dir='ltr' id='par_1_5' title="bbox 212 3750 1182 4061">
     <span class='ocr_line' id='line_1_39' title="bbox 215 3750 1178 3816; baseline 0 -17"><span class='ocrx_word' id='word_1_231' title='bbox 215 3750 518 3800; x_wconf 67' lang='lat' dir='ltr'><strong>Mimalloneis</strong></span> <span class='ocrx_word' id='word_1_232' title='bbox 527 3788 544 3811; x_wconf 92' lang='lat'><em>,</em></span> <span class='ocrx_word' id='word_1_233' title='bbox 570 3754 886 3816; x_wconf 65' lang='lat' dir='ltr'><strong>Berecyntius</strong></span> <span class='ocrx_word' id='word_1_234' title='bbox 899 3753 1039 3801; x_wconf 77' lang='lat' dir='ltr'><strong>Attin</strong></span> <span class='ocrx_word' id='word_1_235' title='bbox 1054 3786 1070 3809; x_wconf 93' lang='lat'>‚</span> <span class='ocrx_word' id='word_1_236' title='bbox 1089 3764 1178 3799; x_wconf 82' lang='lat' dir='ltr'><strong>etc.</strong></span> 
     </span>
     <span class='ocr_line' id='line_1_40' title="bbox 214 3827 1182 3891; baseline 0.002 -12"><span class='ocrx_word' id='word_1_237' title='bbox 214 3827 308 3880; x_wconf 85' lang='lat' dir='ltr'><strong>Sed</strong></span> <span class='ocrx_word' id='word_1_238' title='bbox 325 3828 494 3883; x_wconf 86' lang='lat' dir='ltr'><strong>futilis</strong></span> <span class='ocrx_word' id='word_1_239' title='bbox 519 3846 600 3886; x_wconf 87' lang='lat' dir='ltr'><strong>est</strong></span> <span class='ocrx_word' id='word_1_240' title='bbox 631 3852 824 3891; x_wconf 74' lang='lat' dir='ltr'><strong>eorum</strong></span> <span class='ocrx_word' id='word_1_241' title='bbox 855 3830 1138 3887; x_wconf 84' lang='lat' dir='ltr'><strong>contentio</strong></span> <span class='ocrx_word' id='word_1_242' title='bbox 1161 3848 1182 3882; x_wconf 63' lang='grc' dir='ltr'>ε</span> 
     </span>
     <span class='ocr_line' id='line_1_41' title="bbox 215 3909 1179 3981; baseline 0.002 -22"><span class='ocrx_word' id='word_1_243' title='bbox 215 3927 324 3960; x_wconf 84' lang='lat' dir='ltr'><strong>nam</strong></span> <span class='ocrx_word' id='word_1_244' title='bbox 343 3946 359 3973; x_wconf 85' lang='lat'>,</span> <span class='ocrx_word' id='word_1_245' title='bbox 389 3911 574 3981; x_wconf 85' lang='lat' dir='ltr'><strong>primo</strong></span> <span class='ocrx_word' id='word_1_246' title='bbox 596 3950 613 3975; x_wconf 81' lang='lat'>‚</span> <span class='ocrx_word' id='word_1_247' title='bbox 649 3912 796 3965; x_wconf 88' lang='lat' dir='ltr'><strong>Nero</strong></span> <span class='ocrx_word' id='word_1_248' title='bbox 833 3910 1014 3965; x_wconf 88' lang='lat' dir='ltr'><strong>adhuc</strong></span> <span class='ocrx_word' id='word_1_249' title='bbox 1044 3909 1179 3963; x_wconf 83' lang='lat' dir='ltr'><strong>ado-</strong></span> 
     </span>
     <span class='ocr_line' id='line_1_42' title="bbox 212 3986 1180 4061; baseline 0.002 -23"><span class='ocrx_word' id='word_1_250' title='bbox 212 3986 396 4040; x_wconf 85' lang='lat' dir='ltr'><strong>lescens</strong></span> <span class='ocrx_word' id='word_1_251' title='bbox 416 4027 433 4051; x_wconf 89' lang='lat'>‚</span> <span class='ocrx_word' id='word_1_252' title='bbox 457 4009 560 4043; x_wconf 86' lang='lat' dir='ltr'><strong>uec</strong></span> <span class='ocrx_word' id='word_1_253' title='bbox 586 4004 668 4045; x_wconf 91' lang='lat' dir='ltr'><strong>tot</strong></span> <span class='ocrx_word' id='word_1_254' title='bbox 694 4010 756 4044; x_wconf 86' lang='lat' dir='ltr'><strong>ac</strong></span> <span class='ocrx_word' id='word_1_255' title='bbox 786 3992 947 4045; x_wconf 82' lang='lat' dir='ltr'><strong>tantis</strong></span> <span class='ocrx_word' id='word_1_256' title='bbox 973 3988 1180 4061; x_wconf 86' lang='lat' dir='ltr'><strong>quibus</strong></span> 
     </span>
    </p>
   </div>
   <div class='ocr_carea' id='block_1_3' title="bbox 211 4070 1176 4147">
    <p class='ocr_par' dir='ltr' id='par_1_6' title="bbox 211 4070 1176 4147">
     <span class='ocr_line' id='line_1_43' title="bbox 211 4070 1176 4147; baseline 0.001 -26"><span class='ocrx_word' id='word_1_257' title='bbox 211 4080 376 4137; x_wconf 82' lang='lat' dir='ltr'><strong>postea</strong></span> <span class='ocrx_word' id='word_1_258' title='bbox 389 4070 682 4127; x_wconf 82' lang='lat' dir='ltr'><strong>sceleribus</strong></span> <span class='ocrx_word' id='word_1_259' title='bbox 693 4073 1034 4147; x_wconf 61' lang='lat' dir='ltr'><strong>inquinatu33</strong></span> <span class='ocrx_word' id='word_1_260' title='bbox 1049 4088 1176 4123; x_wconf 87' lang='lat' dir='ltr'><strong>suos</strong></span> 
     </span>
    </p>
   </div>
   <div class='ocr_carea' id='block_1_4' title="bbox 1239 1103 2225 1578">
    <p class='ocr_par' dir='ltr' id='par_1_7' title="bbox 1239 1103 2225 1578">
     <span class='ocr_line' id='line_1_44' title="bbox 1239 1103 2222 1176; baseline 0.008 -22"><span class='ocrx_word' id='word_1_261' title='bbox 1239 1118 1427 1154; x_wconf 79' lang='lat' dir='ltr'><strong>versus</strong></span> <span class='ocrx_word' id='word_1_262' title='bbox 1444 1103 1776 1174; x_wconf 83' lang='lat' dir='ltr'><strong>reprehendi</strong></span> <span class='ocrx_word' id='word_1_263' title='bbox 1792 1105 2063 1176; x_wconf 77' lang='lat' dir='ltr'><strong>patienter</strong></span> <span class='ocrx_word' id='word_1_264' title='bbox 2078 1108 2222 1162; x_wconf 79' lang='lat' dir='ltr'><strong>ferre</strong></span> 
     </span>
     <span class='ocr_line' id='line_1_45' title="bbox 1240 1183 2222 1254; baseline 0.007 -20"><span class='ocrx_word' id='word_1_265' title='bbox 1240 1183 1539 1254; x_wconf 84' lang='lat' dir='ltr'><strong>potuisset3</strong></span> <span class='ocrx_word' id='word_1_266' title='bbox 1566 1196 1620 1236; x_wconf 88' lang='lat' dir='ltr'><strong>at</strong></span> <span class='ocrx_word' id='word_1_267' title='bbox 1650 1185 1707 1237; x_wconf 89' lang='lat' dir='ltr'><strong>in</strong></span> <span class='ocrx_word' id='word_1_268' title='bbox 1748 1197 2027 1238; x_wconf 86' lang='lat' dir='ltr'><strong>auctorem</strong></span> <span class='ocrx_word' id='word_1_269' title='bbox 2059 1199 2222 1242; x_wconf 72' lang='lat' dir='ltr'><strong>tantas</strong></span> 
     </span>
     <span class='ocr_line' id='line_1_46' title="bbox 1239 1263 2225 1337; baseline 0.008 -23"><span class='ocrx_word' id='word_1_270' title='bbox 1239 1263 1455 1334; x_wconf 78' lang='lat' dir='ltr'><strong>injuriae</strong></span> <span class='ocrx_word' id='word_1_271' title='bbox 1470 1301 1487 1328; x_wconf 87' lang='lat'>,</span> <span class='ocrx_word' id='word_1_272' title='bbox 1511 1267 1651 1314; x_wconf 84' lang='lat' dir='ltr'><strong>Mida</strong></span> <span class='ocrx_word' id='word_1_273' title='bbox 1672 1283 1765 1314; x_wconf 76' lang='lat' dir='ltr'><strong>rex</strong></span> <span class='ocrx_word' id='word_1_274' title='bbox 1792 1267 1966 1326; x_wconf 77' lang='lat' dir='ltr'><strong>habet,</strong></span> <span class='ocrx_word' id='word_1_275' title='bbox 1986 1268 2131 1337; x_wconf 85' lang='lat' dir='ltr'><strong>juste</strong></span> <span class='ocrx_word' id='word_1_276' title='bbox 2158 1287 2225 1322; x_wconf 81' lang='lat' dir='ltr'><strong>ac</strong></span> 
     </span>
     <span class='ocr_line' id='line_1_47' title="bbox 1241 1343 2223 1410; baseline 0.005 -14"><span class='ocrx_word' id='word_1_277' title='bbox 1241 1344 1439 1398; x_wconf 82' lang='lat' dir='ltr'><strong>merito</strong></span> <span class='ocrx_word' id='word_1_278' title='bbox 1468 1343 1749 1400; x_wconf 73' lang='lat' dir='ltr'><strong>soeviisset:</strong></span> <span class='ocrx_word' id='word_1_279' title='bbox 1776 1345 2017 1400; x_wconf 85' lang='lat' dir='ltr'><strong>secundo</strong></span> <span class='ocrx_word' id='word_1_280' title='bbox 2037 1385 2053 1410; x_wconf 90' lang='lat'>,</span> <span class='ocrx_word' id='word_1_281' title='bbox 2080 1348 2223 1402; x_wconf 84' lang='lat' dir='ltr'><strong>hano</strong></span> 
     </span>
     <span class='ocr_line' id='line_1_48' title="bbox 1239 1425 2223 1499; baseline 0.008 -24"><span class='ocrx_word' id='word_1_282' title='bbox 1239 1436 1449 1496; x_wconf 87' lang='lat' dir='ltr'><strong>partem</strong></span> <span class='ocrx_word' id='word_1_283' title='bbox 1465 1425 1657 1481; x_wconf 70' lang='lat' dir='ltr'><strong>versus</strong></span> <span class='ocrx_word' id='word_1_284' title='bbox 1674 1427 1839 1480; x_wconf 85' lang='lat' dir='ltr'><strong>fuisse</strong></span> <span class='ocrx_word' id='word_1_285' title='bbox 1861 1427 1936 1492; x_wconf 70' lang='lat' dir='ltr'><strong>ita</strong></span> <span class='ocrx_word' id='word_1_286' title='bbox 1962 1427 2223 1499; x_wconf 81' lang='lat' dir='ltr'><strong>scriptam</strong></span> 
     </span>
     <span class='ocr_line' id='line_1_49' title="bbox 1240 1505 2223 1578; baseline 0.006 -24"><span class='ocrx_word' id='word_1_287' title='bbox 1240 1516 1503 1574; x_wconf 80' lang='lat' dir='ltr'><strong>negarent</strong></span> <span class='ocrx_word' id='word_1_288' title='bbox 1524 1524 1845 1576; x_wconf 68' lang='lat' dir='ltr'><strong>perperaum</strong></span> <span class='ocrx_word' id='word_1_289' title='bbox 1870 1505 1929 1558; x_wconf 83' lang='lat' dir='ltr'><strong>in</strong></span> <span class='ocrx_word' id='word_1_290' title='bbox 1956 1507 2223 1578; x_wconf 83' lang='lat' dir='ltr'><strong>antiquis·</strong></span> 
     </span>
    </p>
   </div>
   <div class='ocr_carea' id='block_1_5' title="bbox 1243 1583 2259 1648">
    <p class='ocr_par' dir='ltr' id='par_1_8' title="bbox 1243 1583 2259 1648">
     <span class='ocr_line' id='line_1_50' title="bbox 1243 1583 2259 1648; baseline 0.007 -13"><span class='ocrx_word' id='word_1_291' title='bbox 1243 1583 1376 1636; x_wconf 83' lang='lat' dir='ltr'><strong>sima</strong></span> <span class='ocrx_word' id='word_1_292' title='bbox 1404 1585 1553 1638; x_wconf 87' lang='lat' dir='ltr'><strong>euim</strong></span> <span class='ocrx_word' id='word_1_293' title='bbox 1580 1585 1751 1638; x_wconf 87' lang='lat' dir='ltr'><strong>Persii</strong></span> <span class='ocrx_word' id='word_1_294' title='bbox 1776 1586 1914 1648; x_wconf 77' lang='lat' dir='ltr'><strong>vita,</strong></span> <span class='ocrx_word' id='word_1_295' title='bbox 1936 1586 2015 1640; x_wconf 88' lang='lat' dir='ltr'><strong>sic</strong></span> <span class='ocrx_word' id='word_1_296' title='bbox 2040 1606 2097 1640; x_wconf 88' lang='lat' dir='ltr'><strong>se</strong></span> <span class='ocrx_word' id='word_1_297' title='bbox 2124 1587 2223 1642; x_wconf 84' lang='lat' dir='ltr'><strong>ha·</strong></span> <span class='ocrx_word' id='word_1_298' title='bbox 2256 1599 2259 1602; x_wconf 82' lang='grc'><strong><em>’</em></strong></span> 
     </span>
    </p>
   </div>
   <div class='ocr_carea' id='block_1_6' title="bbox 1239 1664 2229 2942">
    <p class='ocr_par' dir='ltr' id='par_1_9' title="bbox 1239 1664 2229 2942">
     <span class='ocr_line' id='line_1_51' title="bbox 1242 1664 2222 1736; baseline 0.004 -20"><span class='ocrx_word' id='word_1_299' title='bbox 1242 1664 1369 1731; x_wconf 87' lang='lat' dir='ltr'><strong>bet;</strong></span> <span class='ocrx_word' id='word_1_300' title='bbox 1398 1683 1500 1718; x_wconf 87' lang='lat' dir='ltr'><strong>nec</strong></span> <span class='ocrx_word' id='word_1_301' title='bbox 1535 1666 1701 1735; x_wconf 87' lang='lat' dir='ltr'><strong>paulo</strong></span> <span class='ocrx_word' id='word_1_302' title='bbox 1738 1666 1895 1718; x_wconf 80' lang='lat' dir='ltr'><strong>aliter</strong></span> <span class='ocrx_word' id='word_1_303' title='bbox 1925 1683 2016 1736; x_wconf 87' lang='lat' dir='ltr'><strong>ap.</strong></span> <span class='ocrx_word' id='word_1_304' title='bbox 2051 1669 2222 1722; x_wconf 71' lang='lat' dir='ltr'><strong>Joau-</strong></span> 
     </span>
     <span class='ocr_line' id='line_1_52' title="bbox 1242 1743 2224 1818; baseline 0.002 -22"><span class='ocrx_word' id='word_1_305' title='bbox 1242 1760 1370 1796; x_wconf 84' lang='lat' dir='ltr'><strong>nem</strong></span> <span class='ocrx_word' id='word_1_306' title='bbox 1382 1743 1860 1801; x_wconf 68' lang='lat' dir='ltr'><strong>saresberiensem</strong></span> <span class='ocrx_word' id='word_1_307' title='bbox 1894 1747 2093 1818; x_wconf 78' lang='lat' dir='ltr'><strong>legitur</strong></span> <span class='ocrx_word' id='word_1_308' title='bbox 2109 1784 2127 1810; x_wconf 91' lang='lat'>‚</span> <span class='ocrx_word' id='word_1_309' title='bbox 2153 1747 2224 1798; x_wconf 78' lang='lat' dir='ltr'><strong>li-</strong></span> 
     </span>
     <span class='ocr_line' id='line_1_53' title="bbox 1239 1825 2221 1891; baseline -0.001 -13"><span class='ocrx_word' id='word_1_310' title='bbox 1239 1825 1342 1878; x_wconf 83' lang='lat' dir='ltr'><strong>bro</strong></span> <span class='ocrx_word' id='word_1_311' title='bbox 1355 1825 1416 1878; x_wconf 91' lang='grc' dir='ltr'><strong>ῙῙ</strong></span> <span class='ocrx_word' id='word_1_312' title='bbox 1428 1863 1449 1891; x_wconf 83' lang='lat'>‚</span> <span class='ocrx_word' id='word_1_313' title='bbox 1462 1830 1711 1878; x_wconf 79' lang='lat' dir='ltr'><strong>auriculas</strong></span> <span class='ocrx_word' id='word_1_314' title='bbox 1728 1830 1858 1878; x_wconf 78' lang='lat' dir='ltr'><strong>asini</strong></span> <span class='ocrx_word' id='word_1_315' title='bbox 1868 1831 2027 1880; x_wconf 76' lang='lat' dir='ltr'><strong>Midas</strong></span> <span class='ocrx_word' id='word_1_316' title='bbox 2044 1830 2221 1878; x_wconf 76' lang='lat' dir='ltr'><strong>habet:</strong></span> 
     </span>
     <span class='ocr_line' id='line_1_54' title="bbox 1241 1905 2223 1977; baseline 0 -19"><span class='ocrx_word' id='word_1_317' title='bbox 1241 1905 1407 1959; x_wconf 87' lang='lat' dir='ltr'><strong>tertio</strong></span> <span class='ocrx_word' id='word_1_318' title='bbox 1436 1944 1452 1972; x_wconf 91' lang='lat'><strong>,</strong></span> <span class='ocrx_word' id='word_1_319' title='bbox 1495 1925 1618 1977; x_wconf 80' lang='lat' dir='ltr'><strong>pars</strong></span> <span class='ocrx_word' id='word_1_320' title='bbox 1667 1907 1873 1977; x_wconf 81' lang='lat' dir='ltr'><strong>phrasis</strong></span> <span class='ocrx_word' id='word_1_321' title='bbox 1909 1945 1931 1970; x_wconf 74' lang='lat'>,</span> <span class='ocrx_word' id='word_1_322' title='bbox 1970 1911 2080 1974; x_wconf 69' lang='lat' dir='ltr'><strong>quis</strong></span> <span class='ocrx_word' id='word_1_323' title='bbox 2120 1927 2223 1958; x_wconf 81' lang='lat' dir='ltr'><strong>non</strong></span> 
     </span>
     <span class='ocr_line' id='line_1_55' title="bbox 1241 1987 2221 2058; baseline 0.002 -22"><span class='ocrx_word' id='word_1_324' title='bbox 1241 1988 1421 2046; x_wconf 76' lang='lat' dir='ltr'><strong>habet,</strong></span> <span class='ocrx_word' id='word_1_325' title='bbox 1456 1987 1613 2040; x_wconf 81' lang='lat' dir='ltr'><strong>alteri</strong></span> <span class='ocrx_word' id='word_1_326' title='bbox 1646 1987 1966 2058; x_wconf 79' lang='lat' dir='ltr'><strong>subrogata,</strong></span> <span class='ocrx_word' id='word_1_327' title='bbox 1997 1999 2221 2056; x_wconf 72' lang='lat' dir='ltr'><strong>prseter-</strong></span> 
     </span>
     <span class='ocr_line' id='line_1_56' title="bbox 1246 2065 2224 2138; baseline -0.001 -19"><span class='ocrx_word' id='word_1_328' title='bbox 1246 2085 1410 2137; x_wconf 87' lang='lat' dir='ltr'><strong>quam</strong></span> <span class='ocrx_word' id='word_1_329' title='bbox 1427 2065 1578 2138; x_wconf 76' lang='lat' dir='ltr'><strong>quod</strong></span> <span class='ocrx_word' id='word_1_330' title='bbox 1590 2067 1789 2120; x_wconf 82' lang='lat' dir='ltr'><strong>insulsa</strong></span> <span class='ocrx_word' id='word_1_331' title='bbox 1805 2085 1947 2137; x_wconf 83' lang='lat' dir='ltr'><strong>pene</strong></span> <span class='ocrx_word' id='word_1_332' title='bbox 1968 2078 2071 2132; x_wconf 90' lang='lat' dir='ltr'><strong>est,</strong></span> <span class='ocrx_word' id='word_1_333' title='bbox 2087 2083 2224 2138; x_wconf 80' lang='lat' dir='ltr'><strong>prae-</strong></span> 
     </span>
     <span class='ocr_line' id='line_1_57' title="bbox 1241 2147 2225 2210; baseline -0.002 -10"><span class='ocrx_word' id='word_1_334' title='bbox 1241 2160 1403 2210; x_wconf 85' lang='lat' dir='ltr'><strong>terea,</strong></span> <span class='ocrx_word' id='word_1_335' title='bbox 1416 2166 1530 2200; x_wconf 83' lang='lat' dir='ltr'><strong>non</strong></span> <span class='ocrx_word' id='word_1_336' title='bbox 1546 2165 1673 2200; x_wconf 89' lang='lat' dir='ltr'><strong>cum</strong></span> <span class='ocrx_word' id='word_1_337' title='bbox 1687 2149 1771 2201; x_wconf 83' lang='lat' dir='ltr'><strong>his</strong></span> <span class='ocrx_word' id='word_1_338' title='bbox 1786 2167 1887 2202; x_wconf 88' lang='lat' dir='ltr'><strong>con</strong></span> <span class='ocrx_word' id='word_1_339' title='bbox 1894 2147 2082 2202; x_wconf 79' lang='lat' dir='ltr'><strong>cordat</strong></span> <span class='ocrx_word' id='word_1_340' title='bbox 2089 2151 2225 2209; x_wconf 75' lang='lat' dir='ltr'><strong>vidi,</strong></span> 
     </span>
     <span class='ocr_line' id='line_1_58' title="bbox 1241 2229 2225 2300; baseline 0.003 -21"><span class='ocrx_word' id='word_1_341' title='bbox 1241 2231 1356 2280; x_wconf 73' lang='lat' dir='ltr'><strong>vidi</strong></span> <span class='ocrx_word' id='word_1_342' title='bbox 1365 2267 1382 2290; x_wconf 93' lang='lat'><strong><em>,</em></strong></span> <span class='ocrx_word' id='word_1_343' title='bbox 1406 2232 1507 2297; x_wconf 82' lang='lat' dir='ltr'><strong>ipse</strong></span> <span class='ocrx_word' id='word_1_344' title='bbox 1530 2232 1707 2280; x_wconf 82' lang='lat' dir='ltr'><strong>libelle.</strong></span> <span class='ocrx_word' id='word_1_345' title='bbox 1730 2229 1886 2294; x_wconf 89' lang='lat' dir='ltr'><strong>Quid</strong></span> <span class='ocrx_word' id='word_1_346' title='bbox 1924 2249 1984 2282; x_wconf 88' lang='lat' dir='ltr'><strong>ea</strong></span> <span class='ocrx_word' id='word_1_347' title='bbox 2012 2229 2225 2300; x_wconf 74' lang='lat' dir='ltr'><strong>phrasis</strong></span> 
     </span>
     <span class='ocr_line' id='line_1_59' title="bbox 1239 2307 2225 2382; baseline -0.001 -21"><span class='ocrx_word' id='word_1_348' title='bbox 1239 2307 1404 2362; x_wconf 82' lang='lat' dir='ltr'><strong>habet</strong></span> <span class='ocrx_word' id='word_1_349' title='bbox 1430 2309 1635 2381; x_wconf 82' lang='lat' dir='ltr'><strong>saporis</strong></span> <span class='ocrx_word' id='word_1_350' title='bbox 1668 2324 1725 2364; x_wconf 86' lang='lat' dir='ltr'><strong>et</strong></span> <span class='ocrx_word' id='word_1_351' title='bbox 1752 2309 2025 2382; x_wconf 81' lang='lat' dir='ltr'><strong>elegantiae</strong></span> <span class='ocrx_word' id='word_1_352' title='bbox 2044 2330 2057 2360; x_wconf 76' lang='grc' dir='ltr'><em>τ</em></span> <span class='ocrx_word' id='word_1_353' title='bbox 2078 2313 2225 2370; x_wconf 78' lang='lat' dir='ltr'><strong>vidi,</strong></span> 
     </span>
     <span class='ocr_line' id='line_1_60' title="bbox 1239 2390 2225 2461; baseline 0.002 -21"><span class='ocrx_word' id='word_1_354' title='bbox 1239 2392 1382 2451; x_wconf 78' lang='lat' dir='ltr'><strong>vidi,</strong></span> <span class='ocrx_word' id='word_1_355' title='bbox 1408 2392 1517 2456; x_wconf 86' lang='lat' dir='ltr'><strong>quis</strong></span> <span class='ocrx_word' id='word_1_356' title='bbox 1532 2411 1631 2441; x_wconf 81' lang='lat' dir='ltr'><strong>non</strong></span> <span class='ocrx_word' id='word_1_357' title='bbox 1647 2394 1829 2441; x_wconf 73' lang='lat' dir='ltr'><strong>habet?</strong></span> <span class='ocrx_word' id='word_1_358' title='bbox 1846 2390 1993 2461; x_wconf 84' lang='lat' dir='ltr'><strong>uude</strong></span> <span class='ocrx_word' id='word_1_359' title='bbox 2008 2390 2225 2443; x_wconf 84' lang='lat' dir='ltr'><strong>necesse</strong></span> 
     </span>
     <span class='ocr_line' id='line_1_61' title="bbox 1243 2468 2227 2541; baseline 0 -20"><span class='ocrx_word' id='word_1_360' title='bbox 1243 2468 1346 2521; x_wconf 89' lang='lat' dir='ltr'><strong>erit</strong></span> <span class='ocrx_word' id='word_1_361' title='bbox 1373 2468 1527 2521; x_wconf 89' lang='lat' dir='ltr'><strong>aliud</strong></span> <span class='ocrx_word' id='word_1_362' title='bbox 1547 2469 1811 2541; x_wconf 80' lang='lat' dir='ltr'><strong>quiddam</strong></span> <span class='ocrx_word' id='word_1_363' title='bbox 1828 2470 1934 2521; x_wconf 89' lang='lat' dir='ltr'><strong>hoc</strong></span> <span class='ocrx_word' id='word_1_364' title='bbox 1953 2471 2077 2522; x_wconf 87' lang='lat' dir='ltr'><strong>loco</strong></span> <span class='ocrx_word' id='word_1_365' title='bbox 2093 2471 2227 2522; x_wconf 82' lang='lat' dir='ltr'><strong>olim</strong></span> 
     </span>
     <span class='ocr_line' id='line_1_62' title="bbox 1244 2548 2229 2619; baseline 0.002 -20"><span class='ocrx_word' id='word_1_366' title='bbox 1244 2548 1407 2601; x_wconf 81' lang='lat' dir='ltr'><strong>fuisse</strong></span> <span class='ocrx_word' id='word_1_367' title='bbox 1450 2550 1710 2619; x_wconf 86' lang='lat' dir='ltr'><strong>positum.</strong></span> <span class='ocrx_word' id='word_1_368' title='bbox 1758 2548 1913 2615; x_wconf 89' lang='lat' dir='ltr'><strong>Quid</strong></span> <span class='ocrx_word' id='word_1_369' title='bbox 1952 2561 2134 2601; x_wconf 87' lang='lat' dir='ltr'><strong>autem</strong></span> <span class='ocrx_word' id='word_1_370' title='bbox 2174 2561 2229 2601; x_wconf 86' lang='lat' dir='ltr'><strong>et</strong></span> 
     </span>
     <span class='ocr_line' id='line_1_63' title="bbox 1243 2627 2227 2701; baseline -0.002 -20"><span class='ocrx_word' id='word_1_371' title='bbox 1243 2629 1421 2701; x_wconf 87' lang='lat' dir='ltr'><strong>aptius</strong></span> <span class='ocrx_word' id='word_1_372' title='bbox 1462 2641 1515 2681; x_wconf 87' lang='lat' dir='ltr'><strong>et</strong></span> <span class='ocrx_word' id='word_1_373' title='bbox 1558 2627 1847 2683; x_wconf 77' lang='lat' dir='ltr'><strong>festivius?</strong></span> <span class='ocrx_word' id='word_1_374' title='bbox 1886 2632 2001 2681; x_wconf 79' lang='lat' dir='ltr'><strong>vidi</strong></span> <span class='ocrx_word' id='word_1_375' title='bbox 2017 2666 2034 2691; x_wconf 81' lang='lat'>,</span> <span class='ocrx_word' id='word_1_376' title='bbox 2074 2631 2190 2679; x_wconf 78' lang='lat' dir='ltr'><strong>vidi</strong></span> <span class='ocrx_word' id='word_1_377' title='bbox 2207 2665 2227 2689; x_wconf 93' lang='lat'><strong><em>,</em></strong></span> 
     </span>
     <span class='ocr_line' id='line_1_64' title="bbox 1242 2710 2229 2777; baseline -0.002 -16"><span class='ocrx_word' id='word_1_378' title='bbox 1242 2712 1341 2777; x_wconf 63' lang='lat' dir='ltr'><strong>ipse</strong></span> <span class='ocrx_word' id='word_1_379' title='bbox 1358 2747 1375 2770; x_wconf 93' lang='lat'><strong><em>,</em></strong></span> <span class='ocrx_word' id='word_1_380' title='bbox 1409 2711 1569 2759; x_wconf 79' lang='lat' dir='ltr'><strong>libelle</strong></span> <span class='ocrx_word' id='word_1_381' title='bbox 1585 2748 1600 2770; x_wconf 92' lang='lat'><em>‚</em></span> <span class='ocrx_word' id='word_1_382' title='bbox 1636 2710 1887 2761; x_wconf 82' lang='lat' dir='ltr'><strong>auriculas</strong></span> <span class='ocrx_word' id='word_1_383' title='bbox 1922 2711 2052 2759; x_wconf 68' lang='lat' dir='ltr'><strong>asini</strong></span> <span class='ocrx_word' id='word_1_384' title='bbox 2088 2711 2229 2759; x_wconf 86' lang='lat' dir='ltr'><strong>Mida</strong></span> 
     </span>
     <span class='ocr_line' id='line_1_65' title="bbox 1243 2785 2228 2859; baseline -0.002 -18"><span class='ocrx_word' id='word_1_385' title='bbox 1243 2809 1334 2841; x_wconf 78' lang='lat' dir='ltr'><strong>rex</strong></span> <span class='ocrx_word' id='word_1_386' title='bbox 1349 2792 1511 2840; x_wconf 79' lang='lat' dir='ltr'><strong>habet.</strong></span> <span class='ocrx_word' id='word_1_387' title='bbox 1524 2788 1695 2841; x_wconf 90' lang='lat' dir='ltr'><strong>Nobis</strong></span> <span class='ocrx_word' id='word_1_388' title='bbox 1714 2806 1842 2859; x_wconf 87' lang='lat' dir='ltr'><strong>ergo</strong></span> <span class='ocrx_word' id='word_1_389' title='bbox 1858 2790 1984 2839; x_wconf 78' lang='lat' dir='ltr'><strong>cum</strong></span> <span class='ocrx_word' id='word_1_390' title='bbox 2004 2785 2192 2839; x_wconf 85' lang='lat' dir='ltr'><strong>eadem</strong></span> <span class='ocrx_word' id='word_1_391' title='bbox 2208 2825 2228 2853; x_wconf 16' lang='grc' dir='ltr'><strong>,Α</strong></span> 
     </span>
     <span class='ocr_line' id='line_1_66' title="bbox 1245 2868 2227 2942; baseline -0.004 -21"><span class='ocrx_word' id='word_1_392' title='bbox 1245 2888 1364 2942; x_wconf 82' lang='lat' dir='ltr'><strong>quae</strong></span> <span class='ocrx_word' id='word_1_393' title='bbox 1384 2869 1516 2921; x_wconf 90' lang='lat' dir='ltr'><strong>olim</strong></span> <span class='ocrx_word' id='word_1_394' title='bbox 1540 2868 1787 2920; x_wconf 88' lang='lat' dir='ltr'><strong>Cornuto</strong></span> <span class='ocrx_word' id='word_1_395' title='bbox 1809 2868 1915 2919; x_wconf 85' lang='lat' dir='ltr'><strong>fuit</strong></span> <span class='ocrx_word' id='word_1_396' title='bbox 1934 2906 1949 2930; x_wconf 93' lang='lat'>,</span> <span class='ocrx_word' id='word_1_397' title='bbox 1978 2885 2137 2919; x_wconf 80' lang='lat' dir='ltr'><strong>causa</strong></span> <span class='ocrx_word' id='word_1_398' title='bbox 2157 2868 2227 2919; x_wconf 89' lang='lat' dir='ltr'><strong>ti-</strong></span> 
     </span>
    </p>
   </div>
   <div class='ocr_carea' id='block_1_7' title="bbox 1235 2943 2229 3018">
    <p class='ocr_par' dir='ltr' id='par_1_10' title="bbox 1235 2943 2229 3018">
     <span class='ocr_line' id='line_1_67' title="bbox 1235 2943 2229 3018; baseline -0.005 -16"><span class='ocrx_word' id='word_1_399' title='bbox 1235 2950 1411 3009; x_wconf 72' lang='lat' dir='ltr'><strong>,moris</strong></span> <span class='ocrx_word' id='word_1_400' title='bbox 1434 2985 1449 3012; x_wconf 88' lang='lat'><strong>,</strong></span> <span class='ocrx_word' id='word_1_401' title='bbox 1482 2948 1701 3000; x_wconf 85' lang='lat' dir='ltr'><strong>Nerone</strong></span> <span class='ocrx_word' id='word_1_402' title='bbox 1739 2950 1850 3018; x_wconf 88' lang='lat' dir='ltr'><strong>jam</strong></span> <span class='ocrx_word' id='word_1_403' title='bbox 1883 2944 2099 3016; x_wconf 86' lang='lat' dir='ltr'><strong>pridem</strong></span> <span class='ocrx_word' id='word_1_404' title='bbox 2134 2943 2229 2997; x_wconf 87' lang='lat' dir='ltr'><strong>de-</strong></span> 
     </span>
    </p>
   </div>
   <div class='ocr_carea' id='block_1_8' title="bbox 1243 3025 2243 3899">
    <p class='ocr_par' dir='ltr' id='par_1_11' title="bbox 1243 3025 2238 3573">
     <span class='ocr_line' id='line_1_68' title="bbox 1245 3025 2233 3090; baseline -0.004 -9"><span class='ocrx_word' id='word_1_405' title='bbox 1245 3030 1441 3082; x_wconf 85' lang='lat' dir='ltr'><strong>functo</strong></span> <span class='ocrx_word' id='word_1_406' title='bbox 1458 3066 1477 3089; x_wconf 88' lang='lat'><em>‚</em></span> <span class='ocrx_word' id='word_1_407' title='bbox 1496 3046 1611 3081; x_wconf 86' lang='lat' dir='ltr'><strong>non</strong></span> <span class='ocrx_word' id='word_1_408' title='bbox 1652 3039 1826 3090; x_wconf 85' lang='lat' dir='ltr'><strong>esset,</strong></span> <span class='ocrx_word' id='word_1_409' title='bbox 1857 3026 2008 3079; x_wconf 87' lang='lat' dir='ltr'><strong>hunc</strong></span> <span class='ocrx_word' id='word_1_410' title='bbox 2045 3025 2233 3077; x_wconf 85' lang='lat' dir='ltr'><strong>locum</strong></span> 
     </span>
     <span class='ocr_line' id='line_1_69' title="bbox 1243 3113 2234 3183; baseline -0.004 -20"><span class='ocrx_word' id='word_1_411' title='bbox 1243 3116 1405 3183; x_wconf 80' lang='lat' dir='ltr'><strong>juxta</strong></span> <span class='ocrx_word' id='word_1_412' title='bbox 1427 3120 1666 3163; x_wconf 86' lang='lat' dir='ltr'><strong>mentem</strong></span> <span class='ocrx_word' id='word_1_413' title='bbox 1686 3113 1864 3180; x_wconf 72' lang='lat' dir='ltr'><strong>poetae</strong></span> <span class='ocrx_word' id='word_1_414' title='bbox 1878 3146 1896 3171; x_wconf 83' lang='lat'>‚</span> <span class='ocrx_word' id='word_1_415' title='bbox 1918 3120 1972 3161; x_wconf 89' lang='lat' dir='ltr'><strong>et</strong></span> <span class='ocrx_word' id='word_1_416' title='bbox 1991 3145 2007 3171; x_wconf 85' lang='lat'><em>‚</em></span> <span class='ocrx_word' id='word_1_417' title='bbox 2032 3126 2234 3179; x_wconf 78' lang='lat' dir='ltr'><strong>appro-</strong></span> 
     </span>
     <span class='ocr_line' id='line_1_70' title="bbox 1244 3186 2233 3260; baseline -0.006 -15"><span class='ocrx_word' id='word_1_418' title='bbox 1244 3193 1409 3245; x_wconf 86' lang='lat' dir='ltr'><strong>bante</strong></span> <span class='ocrx_word' id='word_1_419' title='bbox 1420 3190 1643 3244; x_wconf 88' lang='lat' dir='ltr'><strong>Casaub.</strong></span> <span class='ocrx_word' id='word_1_420' title='bbox 1654 3189 1749 3260; x_wconf 88' lang='lat' dir='ltr'><strong>qui</strong></span> <span class='ocrx_word' id='word_1_421' title='bbox 1763 3189 2140 3242; x_wconf 88' lang='lat' dir='ltr'><strong>restitueretur</strong></span> <span class='ocrx_word' id='word_1_422' title='bbox 2154 3186 2233 3239; x_wconf 74' lang='lat' dir='ltr'><strong>di-</strong></span> 
     </span>
     <span class='ocr_line' id='line_1_71' title="bbox 1245 3268 2231 3345; baseline -0.006 -20"><span class='ocrx_word' id='word_1_423' title='bbox 1245 3292 1415 3345; x_wconf 84' lang='lat' dir='ltr'><strong>gnum</strong></span> <span class='ocrx_word' id='word_1_424' title='bbox 1425 3270 1802 3343; x_wconf 84' lang='lat' dir='ltr'><strong>judicavimus.</strong></span> <span class='ocrx_word' id='word_1_425' title='bbox 1814 3269 2002 3323; x_wconf 86' lang='lat' dir='ltr'><strong>Cuivis</strong></span> <span class='ocrx_word' id='word_1_426' title='bbox 2018 3268 2231 3333; x_wconf 84' lang='lat' dir='ltr'><strong>lectori,</strong></span> 
     </span>
     <span class='ocr_line' id='line_1_72' title="bbox 1250 3350 2237 3426; baseline -0.003 -20"><span class='ocrx_word' id='word_1_427' title='bbox 1250 3354 1354 3426; x_wconf 72' lang='lat' dir='ltr'><strong>qui.</strong></span> <span class='ocrx_word' id='word_1_428' title='bbox 1379 3364 1630 3407; x_wconf 85' lang='lat' dir='ltr'><strong>nostrum</strong></span> <span class='ocrx_word' id='word_1_429' title='bbox 1657 3352 1933 3424; x_wconf 82' lang='lat' dir='ltr'><strong>judicium</strong></span> <span class='ocrx_word' id='word_1_430' title='bbox 1958 3350 2237 3421; x_wconf 61' lang='lat' dir='ltr'><strong>improba-2</strong></span> 
     </span>
     <span class='ocr_line' id='line_1_73' title="bbox 1249 3430 2238 3505; baseline -0.004 -18"><span class='ocrx_word' id='word_1_431' title='bbox 1249 3434 1421 3499; x_wconf 77' lang='lat' dir='ltr'><strong>verit,</strong></span> <span class='ocrx_word' id='word_1_432' title='bbox 1442 3434 1621 3505; x_wconf 80' lang='lat' dir='ltr'><strong>legere</strong></span> <span class='ocrx_word' id='word_1_433' title='bbox 1635 3432 1826 3487; x_wconf 83' lang='lat' dir='ltr'><strong>licebit</strong></span> <span class='ocrx_word' id='word_1_434' title='bbox 1848 3450 1975 3485; x_wconf 84' lang='lat' dir='ltr'><strong>cum</strong></span> <span class='ocrx_word' id='word_1_435' title='bbox 1996 3430 2238 3488; x_wconf 66' lang='lat' dir='ltr'><strong>amterisz.</strong></span> 
     </span>
     <span class='ocr_line' id='line_1_74' title="bbox 1501 3511 2113 3573; baseline -0.01 -12"><span class='ocrx_word' id='word_1_436' title='bbox 1501 3514 1641 3568; x_wconf 84' lang='lat' dir='ltr'><strong>Vidi,</strong></span> <span class='ocrx_word' id='word_1_437' title='bbox 1659 3512 1759 3558; x_wconf 83' lang='lat' dir='ltr'><strong>vidi</strong></span> <span class='ocrx_word' id='word_1_438' title='bbox 1776 3512 1901 3573; x_wconf 87' lang='lat' dir='ltr'><strong>ipse,</strong></span> <span class='ocrx_word' id='word_1_439' title='bbox 1924 3511 2081 3557; x_wconf 84' lang='lat' dir='ltr'><strong>libelle</strong></span> <span class='ocrx_word' id='word_1_440' title='bbox 2096 3541 2113 3566; x_wconf 87' lang='lat'><strong>,</strong></span> 
     </span>
    </p>

    <p class='ocr_par' dir='ltr' id='par_1_12' title="bbox 1251 3580 2173 3647">
     <span class='ocr_line' id='line_1_75' title="bbox 1251 3580 2173 3647; baseline -0.009 -16"><span class='ocrx_word' id='word_1_441' title='bbox 1251 3586 1499 3633; x_wconf 75' lang='lat' dir='ltr'><strong>Auriculas</strong></span> <span class='ocrx_word' id='word_1_442' title='bbox 1515 3584 1635 3631; x_wconf 84' lang='lat' dir='ltr'><strong>asini</strong></span> <span class='ocrx_word' id='word_1_443' title='bbox 1656 3584 1761 3647; x_wconf 83' lang='lat' dir='ltr'><strong>quis</strong></span> <span class='ocrx_word' id='word_1_444' title='bbox 1780 3600 1876 3629; x_wconf 85' lang='lat' dir='ltr'><strong>non</strong></span> <span class='ocrx_word' id='word_1_445' title='bbox 1893 3582 2033 3627; x_wconf 87' lang='lat' dir='ltr'><strong>habet</strong></span> <span class='ocrx_word' id='word_1_446' title='bbox 2048 3581 2070 3623; x_wconf 64' lang='grc' dir='ltr'>ἒ</span> <span class='ocrx_word' id='word_1_447' title='bbox 2118 3580 2173 3624; x_wconf 78' lang='lat' dir='ltr'><strong>A.</strong></span> 
     </span>
    </p>

    <p class='ocr_par' dir='ltr' id='par_1_13' title="bbox 1256 3662 2243 3899">
     <span class='ocr_line' id='line_1_76' title="bbox 1331 3662 2240 3731; baseline -0.013 -7"><span class='ocrx_word' id='word_1_448' title='bbox 1331 3688 1352 3724; x_wconf 85' lang='lat'>1</span> <span class='ocrx_word' id='word_1_449' title='bbox 1365 3689 1451 3723; x_wconf 67' lang='lat' dir='ltr'><strong>aa.</strong></span> <span class='ocrx_word' id='word_1_450' title='bbox 1476 3674 1581 3721; x_wconf 80' lang='lat' dir='ltr'><strong>Hoc</strong></span> <span class='ocrx_word' id='word_1_451' title='bbox 1601 3670 1762 3721; x_wconf 80' lang='lat' dir='ltr'><strong>ridere</strong></span> <span class='ocrx_word' id='word_1_452' title='bbox 1780 3668 1975 3731; x_wconf 58' lang='lat' dir='ltr'><strong>mentm]</strong></span> <span class='ocrx_word' id='word_1_453' title='bbox 1994 3662 2135 3715; x_wconf 83' lang='lat' dir='ltr'><strong>Male</strong></span> <span class='ocrx_word' id='word_1_454' title='bbox 2156 3662 2240 3713; x_wconf 88' lang='lat' dir='ltr'><strong>in-</strong></span> 
     </span>
     <span class='ocr_line' id='line_1_77' title="bbox 1256 3744 2241 3820; baseline -0.013 -18"><span class='ocrx_word' id='word_1_455' title='bbox 1256 3762 1465 3820; x_wconf 74' lang='lat' dir='ltr'><strong>terpres</strong></span> <span class='ocrx_word' id='word_1_456' title='bbox 1495 3748 1633 3804; x_wconf 81' lang='lat' dir='ltr'><strong>Gall.</strong></span> <span class='ocrx_word' id='word_1_457' title='bbox 1662 3744 1947 3799; x_wconf 84' lang='lat' dir='ltr'><strong>‘Juvenalis</strong></span> <span class='ocrx_word' id='word_1_458' title='bbox 1973 3744 2203 3793; x_wconf 75' lang='lat' dir='ltr'><strong>Dusaula·</strong></span> <span class='ocrx_word' id='word_1_459' title='bbox 2220 3778 2241 3799; x_wconf 83' lang='lat'><strong><em>,</em></strong></span> 
     </span>
     <span class='ocr_line' id='line_1_78' title="bbox 1257 3819 2243 3899; baseline -0.017 -11"><span class='ocrx_word' id='word_1_460' title='bbox 1257 3830 1316 3889; x_wconf 80' lang='lat' dir='ltr'><strong>in</strong></span> <span class='ocrx_word' id='word_1_461' title='bbox 1335 3848 1437 3883; x_wconf 86' lang='lat' dir='ltr'><strong>suo</strong></span> <span class='ocrx_word' id='word_1_462' title='bbox 1456 3828 1723 3899; x_wconf 76' lang='lat' dir='ltr'><strong>prooemio</strong></span> <span class='ocrx_word' id='word_1_463' title='bbox 1736 3863 1753 3890; x_wconf 87' lang='lat'>,</span> <span class='ocrx_word' id='word_1_464' title='bbox 1772 3828 1832 3875; x_wconf 82' lang='lat' dir='ltr'><strong>cle</strong></span> <span class='ocrx_word' id='word_1_465' title='bbox 1848 3825 2004 3877; x_wconf 80' lang='lat' dir='ltr'><strong>satira</strong></span> <span class='ocrx_word' id='word_1_466' title='bbox 2013 3860 2031 3883; x_wconf 88' lang='lat'><strong><em>,</em></strong></span> <span class='ocrx_word' id='word_1_467' title='bbox 2053 3840 2117 3875; x_wconf 84' lang='lat' dir='ltr'><strong>ex</strong></span> <span class='ocrx_word' id='word_1_468' title='bbox 2130 3819 2243 3873; x_wconf 78' lang='lat' dir='ltr'><strong>fide</strong></span> 
     </span>
    </p>
   </div>
   <div class='ocr_carea' id='block_1_9' title="bbox 1258 3899 2259 3979">
    <p class='ocr_par' dir='ltr' id='par_1_14' title="bbox 1258 3899 2259 3979">
     <span class='ocr_line' id='line_1_79' title="bbox 1258 3899 2259 3979; baseline -0.01 -18"><span class='ocrx_word' id='word_1_469' title='bbox 1258 3908 1572 3979; x_wconf 82' lang='lat' dir='ltr'><strong>interpretis</strong></span> <span class='ocrx_word' id='word_1_470' title='bbox 1625 3906 1919 3957; x_wconf 81' lang='lat' dir='ltr'><strong>Lemonnier</strong></span> <span class='ocrx_word' id='word_1_471' title='bbox 1940 3941 1957 3966; x_wconf 82' lang='lat'>‚</span> <span class='ocrx_word' id='word_1_472' title='bbox 1996 3899 2259 3954; x_wconf 54' lang='lat' dir='ltr'><strong>Persium*</strong></span> 
     </span>
    </p>
   </div>
   <div class='ocr_carea' id='block_1_10' title="bbox 1260 3982 2245 4137">
    <p class='ocr_par' dir='ltr' id='par_1_15' title="bbox 1260 3982 2245 4137">
     <span class='ocr_line' id='line_1_80' title="bbox 1260 3982 2244 4059; baseline -0.009 -19"><span class='ocrx_word' id='word_1_473' title='bbox 1260 3985 1442 4059; x_wconf 79' lang='lat' dir='ltr'><strong>arguit</strong></span> <span class='ocrx_word' id='word_1_474' title='bbox 1458 3988 1654 4059; x_wconf 80' lang='lat' dir='ltr'><strong>,quasi</strong></span> <span class='ocrx_word' id='word_1_475' title='bbox 1676 3987 1891 4039; x_wconf 82' lang='lat' dir='ltr'><strong>fatuum</strong></span> <span class='ocrx_word' id='word_1_476' title='bbox 1913 3996 1967 4035; x_wconf 89' lang='lat' dir='ltr'><strong>et</strong></span> <span class='ocrx_word' id='word_1_477' title='bbox 1987 3982 2244 4053; x_wconf 86' lang='lat' dir='ltr'><strong>ineptum</strong></span> 
     </span>
     <span class='ocr_line' id='line_1_81' title="bbox 1264 4064 2245 4137; baseline -0.012 -16"><span class='ocrx_word' id='word_1_478' title='bbox 1264 4067 1562 4121; x_wconf 85' lang='lat' dir='ltr'><strong>derisorem</strong></span> <span class='ocrx_word' id='word_1_479' title='bbox 1580 4104 1599 4133; x_wconf 85' lang='lat'>,</span> <span class='ocrx_word' id='word_1_480' title='bbox 1618 4077 1845 4137; x_wconf 86' lang='lat' dir='ltr'><strong>propter</strong></span> <span class='ocrx_word' id='word_1_481' title='bbox 1863 4064 1977 4119; x_wconf 85' lang='lat' dir='ltr'><strong>haec</strong></span> <span class='ocrx_word' id='word_1_482' title='bbox 1990 4100 2005 4127; x_wconf 93' lang='lat'>,</span> <span class='ocrx_word' id='word_1_483' title='bbox 2029 4066 2137 4113; x_wconf 81' lang='lat' dir='ltr'><strong>Hoc-</strong></span> <span class='ocrx_word' id='word_1_484' title='bbox 2150 4078 2245 4127; x_wconf 75' lang='lat' dir='ltr'><strong>ego</strong></span> 
     </span>
    </p>
   </div>
  </div>
 </body>
</html>
