2775 4619
594 425 793 530 28

1102 461 1183 524 Α.
1231 454 1606 525 PERSII
1667 453 2052 524 FLACCI

680 583 1015 668 ‘Artifice53
1044 601 1165 649 nec
1194 606 1305 648 rus
1340 599 1632 648 saturum
1665 582 1931 647 laudare
1946 633 1964 668 ,
1991 581 2109 646 ubi
2135 581 2360 648 corbes
2375 631 2396 666 ‚

682 701 768 765 Et
802 701 985 764 focus
1000 746 1018 779 ,
1046 713 1111 762 et
1136 700 1320 786 porei
1339 747 1357 778 ‚
1385 713 1451 762 et
1480 697 1736 762 fumosa
1761 697 1988 784 Palilia
2013 697 2224 778 foeno;

680 811 876 878 Unde
904 814 1147 878 Remus
1164 860 1183 894 ,
1212 813 1526 902 sulcoque
1551 829 1766 876 terens
1793 811 2111 892 dentalia,
2142 811 2412 894 Quinti,

680 931 849 994 Cum
875 928 1127 1018 trepida
1154 945 1303 994 ante
1326 929 1525 994 boves
1552 927 1942 993 dictaturam
1970 927 2194 992 induit
2216 949 2386 992 uxor
2401 975 2421 1008 ‚

682 1043 768 1110 Et
793 1058 904 1108 tua
934 1058 1143 1107 aratra
1170 1042 1442 1108 domum
1471 1043 1666 1107 lictor
1697 1042 1870 1106 tulit.
1890 1091 1904 1106 .
1923 1090 1938 1106 .
1959 1090 1974 1105 .

594 1239 679 1290 En
694 1237 865 1310 igitur
877 1237 970 1292 has
982 1235 1376 1310 descriptiones
1395 1235 1572 1289 trivia-

592 1319 673 1370 les
685 1357 701 1385 ,
719 1337 851 1389 quas
874 1317 967 1370 vix
985 1317 1313 1370 concinnare
1330 1328 1565 1388 queunt.

595 1429 666 1438 -—
688 1402 893 1450 Lucum.
929 1397 1039 1450 Pro
1070 1397 1263 1468 quovis
1287 1396 1436 1449 luco.
1467 1395 1532 1447 A.

666 1496 751 1548 71.
765 1483 862 1528 Rus
876 1477 1130 1546 saturum]
1152 1477 1293 1542 Rus,
1309 1476 1418 1529 sive
1437 1464 1572 1548 lirae·

595 1557 753 1611 dium
796 1557 956 1610 bonis
1003 1557 1420 1610 refertissimum
1451 1593 1468 1621 ,
1516 1567 1572 1608 et

594 1637 747 1710 quod
767 1637 1073 1691 describere
1087 1676 1104 1704 ‚
1129 1637 1216 1692 vel
1235 1637 1458 1690 laudare
1476 1654 1572 1688 cu·

594 1719 907 1791 pientibuS‚
938 1719 1194 1784 futurum
1228 1719 1297 1771 sit
1339 1717 1572 1789 benigna

592 1801 837 1854 materia.
860 1831 931 1840 —-
964 1803 1057 1851 Ubi
1096 1802 1280 1851 corbes.
1324 1798 1574 1870 Explicat

592 1878 1029 1952 pluribusquod
1053 1897 1190 1934 voce
1218 1878 1377 1931 unica
1404 1877 1570 1949 signi-

590 1960 991 2024 ficaverat,cum
1001 1979 1095 2013 rus
1107 1975 1325 2012 saturum
1336 1959 1570 2021 vocavit,

593 2041 773 2112 copias
809 2041 953 2093 ruris
982 2042 1223 2102 breviter
1242 2057 1572 2104 recensens,

593 2133 651 2173 et
691 2121 810 2174 loca
845 2121 1057 2192 aliquot
1100 2120 1381 2184 indicans,
1423 2118 1574 2172 unde

592 2201 740 2252 ruris
780 2193 1024 2254 encomia
1062 2200 1192 2254 duci
1232 2212 1286 2253 et
1322 2201 1428 2253 late
1467 2198 1574 2252 dif-

593 2279 757 2335 fundi
788 2295 1061 2353 poterant.
1095 2281 1181 2334 Ad
1213 2281 1424 2352 copiam
1456 2281 1571 2332 haec

594 2374 844 2434 spectant
856 2400 874 2426 ‚
894 2366 1087 2422 corbes,
1092 2364 1243 2429 focus
1257 2400 1273 2421 ‚
1286 2365 1434 2429 porci
1443 2361 1572 2428 ,foe-

592 2460 711 2492 num
726 2461 749 2499 ;
776 2460 897 2512 quae
930 2441 1141 2513 singula
1176 2441 1235 2494 in
1268 2460 1386 2493 rem
1411 2458 1571 2493 ,suam

592 2520 727 2573 scite
741 2521 1011 2584 transfert,
1022 2520 1119 2593 qui
1132 2520 1387 2593 rusticam
1403 2520 1570 2574 vitam

593 2600 814 2669 laudare
842 2600 1095 2658 destinat.
1124 2604 1188 2657 C.
1283 2668 1290 2675 .

667 2701 757 2753 7²·
782 2686 993 2734 Fumosa
1026 2684 1248 2751 Palilia]
1276 2680 1427 2734 Pales
1462 2694 1576 2735 erat

590 2760 708 2818 Dea
742 2775 1063 2834 pastorum,
1090 2764 1249 2833 cujus
1283 2762 1415 2814 festa
1454 2757 1575 2833 age-

592 2840 798 2893 bantur
823 2860 881 2893 11
907 2841 1032 2895 Kal.
1060 2842 1189 2893 Mai.
1213 2839 1280 2893 ad
1307 2840 1570 2893 arcendos

587 2920 755 2991 lupos
783 2934 839 2974 et
866 2922 1087 2975 morbos
1112 2911 1142 2975 a
1164 2940 1364 2993 pecore
1383 2933 1482 2989 ,flet
1509 2932 1573 2973 ut

591 3001 723 3053 felix
763 3013 899 3054 esset
941 3015 996 3055 et
1036 3000 1325 3056 foecundus
1360 3002 1574 3073 pecoris

590 3092 801 3151 partus.
823 3082 989 3135 Ovid.
1012 3082 1148 3136 Fast.
1163 3083 1256 3135 lib.
1276 3083 1375 3134 IV.
1398 3082 1574 3134 Varro

596 3178 684 3230 ap.
706 3171 817 3227 vet.
839 3160 1129 3231 interpret.
1147 3162 1337 3213 Palilia
1356 3177 1458 3211 tam
1467 3164 1576 3227 pri-

594 3254 708 3291 vata
734 3242 884 3306 quiam
903 3246 1108 3307 publiea
1134 3258 1249 3293 sunt
1268 3245 1408 3309 apud
1424 3244 1569 3292 rusci-

595 3340 705 3371 cos:
730 3335 787 3371 ut
814 3324 1047 3389 congestis
1080 3342 1189 3373 cum
1206 3323 1353 3387 [ωηο
1385 3324 1571 3389 stipulis

593 3404 756 3471 iguem
780 3421 1011 3469 magnum
1035 3405 1342 3462 transiliant,
1371 3404 1446 3453 his
1467 3409 1569 3453 Pa-

592 3486 753 3534 lilibus
780 3484 830 3533 {ce
859 3485 1057 3550 expiari
1084 3486 1328 3535 credentes
1341 3503 1359 3533 .·
1385 3482 1536 3535 unde
1551 3522 1568 3550 ‚

592 3563 699 3617 hoc
713 3562 837 3616 loco
848 3600 865 3630 ,
872 3563 1077 3630 fumosa
1089 3559 1272 3615 Palilia
1286 3562 1567 3616 dicuntur.

665 3723 756 3794 73.
791 3726 927 3775 Unde
952 3726 1164 3791 Remus-J
1191 3645 1416 3789 Qui-3⁵
1434 3644 1568 3795 fig-ro

1651 1231 1863 1306 prodiit
1887 1235 2091 1288 Remus
2123 1251 2253 1286 cum
2288 1231 2492 1301 fratre,
2520 1233 2640 1287 scil.
2723 1271 2725 1278 2

1651 1315 1890 1368 Romulo
1903 1352 1919 1380 ,
1935 1327 1990 1368 et
2002 1315 2228 1366 Romam
2243 1313 2642 1375 condiderunt,

1651 1395 1794 1448 circa
1855 1393 2174 1447 Paliliorum
2227 1392 2397 1447 diem.
2453 1388 2638 1448 ovid.
2723 1407 2725 1412 ·

1651 1475 1794 1528 Fast.
1835 1475 1936 1527 IV.
1954 1477 2276 1542 —Sulcoque
2311 1489 2499 1534 terens,
2539 1487 2639 1524 etc.

1649 1553 1814 1608 Unde
1866 1567 1932 1608 tu
1979 1553 2217 1628 quoque
2255 1555 2560 1627 prodiisti,
2604 1556 2638 1606 ὃ

1654 1635 1854 1700 Quinti
1885 1633 2246 1688 Cincinnate!
2281 1635 2380 1708 qui
2419 1653 2484 1688 ex
2522 1653 2638 1688 ara-

1656 1728 1743 1770 tro
1779 1715 1851 1768 ‘ad
1885 1714 2210 1769 dictaturam
2253 1733 2308 1768 es
2342 1728 2636 1768 evocatus:

1656 1796 1810 1870 quod
1848 1811 2046 1851 notum
2084 1797 2343 1850 omnibus
2368 1834 2386 1861 ‚
2423 1815 2491 1849 ex
2527 1795 2638 1848 Tit.
2724 1809 2725 1812 ’

1650 1879 1770 1932 Liv.
1795 1878 1891 1930 lib.
1914 1879 2026 1930 III.
2042 1909 2112 1919 —
2129 1881 2271 1928 δαῖε-ο
2291 1891 2451 1928 terens
2468 1880 2638 1928 denta-

1651 1961 1738 2012 lia.
1772 1959 1962 2012 Aruns.
2004 1959 2144 2010 Nam
2182 1957 2326 2010 inter
2367 1955 2636 2010 arandum
2724 1957 2725 1960 ’

1653 2037 1904 2105 dentale,
1935 2037 2020 2093 vel
2061 2039 2274 2111 lignum
2312 2039 2408 2092 cui
2445 2056 2637 2092 vomer

1653 2117 1939 2172 inducitur
1955 2155 1972 2183 ‚
1998 2119 2260 2172 continua
2287 2117 2533 2172 aratione
2555 2129 2632 2172 at-

1655 2200 1875 2253 teritur.
1903 2199 1964 2251 P.
1989 2211 2043 2251 et
2063 2191 2298 2251 L'ubinus.

1707 2287 1811 2351 -74,
1847 2280 2102 2350 Ίῖπφίᾰα.]
2137 2278 2418 2333 Festinans
2435 2318 2455 2343 ‚
2479 2297 2631 2333 more

1622 2365 1626 2370 '
1654 2360 1870 2432 Virgilii
1886 2399 1902 2426 ,
1921 2361 2104 2432 inquit
2123 2359 2362 2415 Servius.
2381 2360 2498 2413 Tit.
2521 2360 2632 2413 Liv.

1649 2442 1772 2495 loco
1804 2443 1893 2496 cit.
1925 2448 2105 2510 Togata
2129 2461 2344 2509 propere
2376 2462 2404 2492 e
2437 2442 2630 2509 tugurio

1641 2524 1872 2591 proferre
1891 2541 2094 2573 uxorem
2120 2524 2362 2574 Raciliam
2373 2523 2538 2591 jussit.
2575 2520 2628 2573 C.

1728 2605 1816 2675 75.
1847 2609 1912 2655 Et
1936 2618 2025 2655 tua
2055 2618 2229 2655 aratra
2261 2606 2461 2656 domum
2476 2641 2492 2665 ‚
2517 2600 2626 2671 eta]

1655 2693 1830 2747 Δεινῶς
1870 2686 1975 2739 hoc
2013 2684 2219 2739 dictum
2247 2704 2260 2736 τ
2292 2702 2420 2736 nam
2460 2702 2628 2756 quan-

1655 2780 1774 2819 tum
1795 2762 1936 2817 illud
1952 2777 2059 2828 est,
2080 2761 2232 2835 quod
2251 2762 2453 2815 aratori
2475 2762 2630 2814 lictor

1648 2844 1907 2917 publicus
1947 2842 2334 2895 ministraverit
2355 2880 2372 2906 ‚
2404 2844 2630 2914 ejusque

1629 2989 1632 2991 v
1651 2936 1824 2978 aratra
1848 2922 2080 2977 domum
2099 2922 2350 2975 retulerit
2368 2920 2393 2972 Ρ
2415 2920 2518 2973 His
2539 2939 2628 2974 au·

1654 3018 1766 3058 tem
1800 3020 1963 3075 supra
1996 3002 2188 3069 dictis,
2211 3020 2321 3055 non
2351 3002 2495 3055 male
2523 3020 2630 3054 sus·
2724 3040 2725 3047 χ

1651 3086 1935 3157 picabatur
1968 3083 2196 3136 Casaub.
2229 3081 2470 3134 allusisse
2508 3081 2630 3133 Per·

1653 3165 1796 3215 sium
1847 3161 1916 3215 ad
1963 3161 2201 3234 aliquem
2243 3160 2327 3225 sui
2369 3160 2631 3232 temporis

1651 3247 1874 3313 poetam
1909 3242 2039 3313 qui,
2069 3243 2196 3293 cum
2229 3238 2300 3291 de
2334 3258 2395 3291 re
2432 3239 2630 3292 rustica

1647 3341 1864 3375 carmen
1919 3321 2146 3393 aliquod
2204 3321 2626 3391 composuisset,

1648 3404 1790 3457 forte
1815 3403 1875 3454 in
1903 3421 1968 3455 eo
1996 3401 2168 3455 multa
2194 3400 2381 3471 inepte
2409 3419 2628 3473 conges-

1650 3495 1790 3536 serat
1803 3521 1819 3549 ,
1843 3494 1907 3534 ut
1924 3482 2060 3535 festa
2079 3480 2218 3533 Palis
2232 3518 2249 3545 ‚
2275 3480 2430 3532 urbis
2449 3482 2628 3533 Romae

1611 3564 1614 3568 ’
1650 3563 1917 3634 originem
1941 3599 1958 3627 ‚
1994 3562 2066 3627 Q.
2111 3560 2424 3613 Cincinnati
2461 3562 2626 3615 histo·

1648 3642 1820 3707 riam,
1843 3644 1963 3695 haic
1999 3638 2162 3711 simul
2200 3642 2478 3694 intextens
2513 3660 2628 3695 cor-

1648 3724 1812 3776 bibus
1830 3760 1848 3789 ,
1882 3722 2054 3788 focis,
2082 3720 2296 3793 porcis,
2329 3734 2438 3774 etc.
2457 3758 2476 3787 ,
2513 3738 2629 3794 quae

552 3966 557 3969 Ι
663 3902 728 3947 V.
751 3910 833 3961 74.
863 3904 1186 3950 Dictaturam.
1210 3904 1349 3950 Hanc
1369 3902 1638 3953 lectionem
1657 3901 1889 3949 revocavi
1911 3918 1973 3949 ex
1993 3899 2235 3949 omuibus
2253 3898 2622 3963 antiquioribus

536 4028 540 4032 .
592 3990 701 4027 tum
726 3982 923 4045 scriptis
940 4016 955 4040 ,
980 3992 1089 4029 tum
1108 3982 1255 4030 editis
1285 3982 1440 4030 libris.
1466 3984 1578 4030 Vet.
1609 3982 1766 4030 schol.
1793 3992 1843 4028 et
1877 3980 2118 4029 nonnulli
2147 3978 2292 4028 codd.
2325 3980 2621 4028 clamatorem.

594 4060 717 4110 Cod.
742 4062 997 4111 Puteanus
1019 4079 1222 4128 quoque
1241 4063 1540 4113 dictatorem.
1553 4090 1624 4101 --
1638 4066 1821 4129 Supra,
1833 4062 1958 4112 ciem·
1973 4062 2106 4112 Male
2128 4060 2239 4111 cod.
2257 4071 2456 4122 noster,
2475 4076 2623 4125 quem.
