2775 4619
936 313 1332 380 SATIRA
1380 319 1450 382 Ἰ.

2137 350 2224 418 17·

963 460 1396 507 rnns1ua

268 547 440 613 Tun’
454 597 477 631 ‚
500 550 755 631 vetule,
782 551 1091 618 auriculis
1118 555 1347 620 alienis
1372 558 1626 648 colligis
1649 581 1856 628 escam
1874 562 1906 628 Ρ

266 664 599 732 Auriculis
616 713 635 748 ,
667 665 909 754 quibus
939 683 1005 732 et
1034 668 1211 736 dicas
1244 688 1394 736 cute
1425 673 1718 762 perditus
1745 725 1764 759 ,
1797 677 1924 744 ohe
1951 680 1966 743 ἔ

850 805 1548 853 Anvnnssn1us.

264 891 444 974 ,Quid
466 891 774 960 didicisse
786 941 804 976 ,
824 896 954 962 nisi
978 896 1105 964 hoc
1124 897 1520 966 fermentum
1535 951 1554 985 ,
1573 919 1640 968 et
1656 927 1802 992 quae
1821 907 2018 972 semel
2037 908 2214 974 intus

265 1008 500 1072 lunata
525 1025 653 1093 est,
683 1026 879 1100 rupto
912 1013 1129 1100 jecore
1146 1061 1165 1099 ,
1193 1016 1424 1081 exierit
1455 1019 1844 1107 caprificus?
1933 1062 1940 1071 ·
2150 1031 2214 1088 25

172 1193 237 1234 ut
272 1181 531 1253 loquitur
555 1179 805 1248 Tullius,
834 1183 938 1252 qud
971 1206 1151 1237 coneu-

162 1264 399 1328 piscimus
410 1300 428 1322 ‚
456 1277 508 1312 ec
536 1282 651 1330 quoe
685 1263 947 1332 voluptate
978 1269 1148 1318 alitur.

170 1371 245 1382 -—
269 1345 590 1392 Demulo....
626 1362 791 1395 versu.
836 1345 1001 1398 Recte
1046 1358 1155 1400 tre·

171 1422 361 1476 mulus
401 1414 587 1496 versus
634 1423 840 1479 dicitur
862 1463 880 1490 ‚
926 1443 993 1483 ex
1042 1445 1154 1498 quo

170 1501 415 1555 nascitur
467 1503 527 1554 in
576 1502 919 1556 audientium
965 1505 1159 1558 animis

171 1581 426 1654 voluptas
462 1581 713 1654 quiedam
747 1583 1001 1648 titillans,
1022 1602 1156 1638 con-2

172 1663 335 1716 traria
364 1663 615 1734 gravitati
644 1675 700 1715 et
726 1664 1055 1717 constantim.
1088 1665 1153 1720 C.

244 1762 336 1796 υ.
371 1747 517 1804 fimf,
543 1747 745 1812 vetule-J
778 1744 996 1816 Ergone
1010 1783 1025 1807 ,
1049 1749 1157 1817 qua

174 1840 231 1882 es
256 1835 409 1876 aetate
428 1859 447 1886 ‚
473 1823 531 1874 in
560 1821 619 1875 id
646 1841 823 1876 unum
848 1824 1119 1878 incumbis
1135 1861 1154 1890 ,

172 1917 237 1958 nt
264 1915 377 1956 tam
404 1903 637 1958 infames
661 1904 1035 1956 Romanorum
1059 1924 1157 1958 au·

174 1983 326 2039 ribus
370 1981 657 2036 illecebras
698 1981 1017 2054 suppedites
1039 1983 1065 2034 ἱ)
1085 2015 1158 2026 —-

178 2068 361 2116 Vetule.
386 2064 457 2114 In
489 2063 589 2114 hac
608 2081 742 2116 voce
766 2066 938 2115 vetule
965 2083 1157 2136 magna

174 2143 468 2215 emphasis,
488 2154 553 2196 ut
570 2142 629 2194 in
648 2145 682 2196 J
684 2161 849 2198 uven.
871 2156 971 2198 sat.
988 2145 1132 2198 XIII
1137 2181 1155 2212 ,

172 2242 227 2278 v·
254 2223 387 2353 εἶξε
406 2302 565 2351 senior
584 2303 719 2351 bunt
738 2303 1025 2368 dignissime.

173 2384 443 2453 v-Colligis
452 2382 1013 2437 escasPAuricularum
1026 2402 1157 2440 esca

170 2476 301 2519 sunt
321 2466 365 2519 οἱ
386 2465 553 2535 λόγοι,
573 2468 827 2535 poemata
849 2466 937 2519 vel
964 2466 1160 2520 oratio-

172 2562 285 2599 nes.
305 2543 683 2597 Tritissimnm
702 2557 783 2597 est
800 2560 889 2615 ap.
906 2544 1123 2601 Grecos
1136 2582 1156 2611 ‚

172 2626 461 2692 ιύοχιῖσθοιι
500 2625 659 2694 λόγοις
672 2660 689 2681 ,
732 2636 788 2676 et
830 2627 1033 2693 εὐωχία
1071 2626 1157 2683 καὶ

172 2704 379 2767 teudone
414 2705 572 2757 ἀκοῶν
586 2740 605 2767 ,
630 2704 859 2770 colligere
896 2722 1030 2757 escas
1062 2722 1156 2757 au·

172 2786 330 2844 ribus,
354 2785 504 2837 utin
527 2782 757 2839 Poenulo
775 2782 982 2850 Plauti,
1005 2788 1158 2840 oculis

170 2867 333 2931 epulas
353 2864 503 2915 dare.
530 2864 596 2917 C.

243 2944 331 2999 23.
368 2946 627 2997 Auriculis
638 2982 657 3004 ,
686 2948 896 3015 quibus]
923 2945 1157 3003 Labotas

170 3022 371 3095 igitur,
403 3036 473 3077 ut
506 3024 715 3096 placeas
744 3025 943 3098 ineptis
972 3024 1162 3085 lauda-j

176 3105 423 3172 toribus;
456 3102 635 3159 donec
672 3123 865 3159 eorum
889 3106 1155 3162 adulatio-

174 3184 336 3238 nibus
368 3204 439 3239 eo
470 3203 643 3256 usque
672 3186 893 3239 satiatus
907 3225 924 3251 ‚
952 3186 1158 3258 cogeris

174 3262 385 3329 dicere,
412 3266 544 3318 ohe!
564 3266 725 3329 satis,
744 3267 869 3322 satis
891 3265 1152 3321 laudum!

176 3342 361 3399 Horat.
384 3357 483 3399 sat.
500 3346 586 3407 11,
608 3346 637 3397 5
660 3366 673 3396 :

174 3423 479 3511 lupen-mnus
497 3435 625 3473 amat
640 3427 850 3475 laudari?
870 3428 1036 3485 donee,
1048 3428 1155 3485 ohe,

286 3514 393 3559 ,ιω

1230 1189 1308 1235 ,Διὶ
1332 1189 1501 1236 coelum
1536 1192 1752 1240 manibus
1787 1195 1982 1242 sublatis
2013 1196 2215 1259 dixerit,

1352 1277 1504 1326 urge,
1530 1273 1578 1309 et

1234 1331 1534 1379 Crescentem
1565 1334 1757 1382 tumidis
1786 1327 1894 1384 iuflss
1922 1341 2218 1388 sermonibus
2287 1386 2292 1390 ,

1357 1413 1529 1451 utrem.
1998 1412 2056 1456 A.

1237 1477 1440 1524 ——Cute
1456 1477 1698 1541 perditus.
1727 1476 1856 1530 Haec
1881 1478 1951 1532 de
1973 1483 2214 1536 scabioso

1236 1571 1527 1626 possumus
1547 1557 1924 1630 interpretari,
1949 1563 2034 1616 vel
2055 1563 2124 1624 de
2151 1583 2216 1629 eq

1239 1635 1336 1706 qui
1370 1641 1512 1707 aqua
1541 1637 1814 1692 intercute
1846 1641 2072 1696 laboret.
2108 1645 2217 1698 Sed

1236 1715 1540 1770 convitium
1589 1720 1809 1790 corpori
1855 1720 2064 1776 dictum
2091 1763 2108 1788 ,
2147 1725 2217 1776 ad

1233 1795 1480 1848 animum
1514 1795 1677 1850 debet
1708 1800 1936 1866 referri,
1974 1802 2122 1874 quod
2155 1806 2216 1856 in

1235 1875 1494 1928 omnibus
1513 1877 1714 1948 linguis
1743 1881 2219 1936 familiarissimum

1238 1967 1335 2008 est.
1367 1957 1512 2008 Vani
1545 1977 1712 2028 porro
1751 1974 1806 2014 et
1845 1959 2083 2032 φιλόδοξοι
2111 1965 2217 2035 hy·

1237 2031 1413 2111 drope
1459 2035 1831 2096 laborantibus
1882 2039 2076 2092 similia
2122 2062 2216 2113 pa·

1234 2115 1468 2168 tiuntur.
1495 2117 1738 2172 Lucilius
1759 2139 1771 2170 :
1798 2140 1986 2186 aquam
2008 2137 2054 2172 te
2072 2127 2216 2174 credo

1234 2197 1285 2246 ἰη
1304 2199 1471 2247 animo
1491 2199 1673 2250 habere
1698 2201 1995 2252 intercutem.
2020 2204 2216 2274 Itaque

1230 2277 1420 2351 opinio
1451 2281 1560 2343 sui,
1591 2292 1645 2336 et
1681 2282 1830 2345 οἴησις
1858 2296 2085 2339 vocatur
2111 2286 2214 2359 hy-

1231 2356 1426 2431 drops.
1457 2360 1520 2413 C.

1238 2430 1245 2437 '
1314 2445 1398 2501 24.
1425 2444 1560 2505 Quid
1575 2445 1825 2507 didicisse,
1846 2444 2118 2533 “estquis
2137 2459 2218 2509 est

1236 2518 1362 2571 finis
1407 2521 1750 2586 studiorum,
1787 2524 2084 2595 respondet
2113 2525 2217 2585 sd-

1237 2601 1534 2665 versarius,
1559 2601 1602 2653 si
1625 2601 1712 2653 hic
1737 2621 1850 2655 non
1872 2614 1982 2655 est:
2014 2605 2129 2657 scil.
2155 2616 2218 2657 ut

1236 2692 1552 2733 nostrorum
1579 2700 1810 2752 operum
1836 2682 1968 2735 alios
1994 2684 2216 2753 partici-

1235 2778 1332 2839 pes
1347 2760 1606 2835 faciamus
1621 2760 1896 2813 ?A.--N1·si
1905 2764 2218 2829 hocfhrmen-

1237 2854 1353 2890 cum.
1374 2840 1626 2912 Scoptice
1645 2839 1902 2893 dicuntur
1921 2860 2023 2911 pro
2043 2843 2218 2893 scien-

1237 2920 1309 2971 tia
1330 2920 1680 2986 fermentum,
1699 2931 1753 2971 et
1772 2918 1914 2972 infra
1934 2922 2215 2991 caprificus

1238 2990 1368 3070 i1u⁴ia
1391 3036 1408 3062 ‚
1455 3010 1518 3050 ut
1564 2998 1898 3051 fermentum
1943 2998 1999 3051 in
2049 3018 2218 3053 massa

1236 3077 1506 3139 contineri
1544 3096 1658 3129 non
1696 3088 1911 3147 potest,
1943 3080 2077 3151 quin
2121 3079 2217 3133 det

1235 3157 1680 3229 significationem
1705 3158 1825 3223 sui,
1854 3177 2085 3232 eamque
2110 3160 2216 3216 ser·

1236 3237 1464 3293 vefaciat
1477 3276 1492 3300 ,
1513 3236 1721 3291 attollat
1745 3256 1806 3291 ac
1829 3238 2046 3293 tandem
2066 3260 2216 3293 rum-

1236 3332 1362 3390 pat3
1393 3319 1526 3371 item
1557 3321 1842 3390 caprificus,
1867 3320 1928 3373 in
1961 3340 2217 3374 saxorum

1238 3399 1606 3453 commissuris
1627 3412 1782 3453 enata
1800 3440 1817 3467 ‚
1843 3400 2099 3471 impediri
2119 3419 2215 3453 ne-

1238 3482 1382 3553 quit,
1399 3482 1698 3554 quominus
1716 3500 1840 3535 saxa
1859 3482 2118 3555 disjiciat:
2140 3482 2217 3533 ita

238 3632 305 3681 V.
332 3642 418 3691 24.
445 3632 595 3697 Quid.
624 3634 809 3682 Omnes
830 3633 990 3683 nostri
1020 3632 1168 3683 codd‘.
1201 3632 1351 3697 quid,
1372 3644 1424 3683 et
1455 3633 1576 3682 editi
1610 3628 1932 3699 antiquiore?
1940 3632 2077 3681 libri.
2097 3634 2214 3681 Vct.

172 3710 322 3762 schol.
358 3724 410 3762 et
442 3712 731 3777 post'hunc
760 3714 1081 3763 casaubonus
1097 3747 1112 3773 ‚
1134 3724 1184 3762 et
1212 3714 1351 3761 editt.
1380 3724 1563 3763 recent.
1600 3730 1698 3778 quo
1709 3749 1726 3771 ,
1755 3713 1930 3761 eodem
1964 3728 2215 3759 sensu.—

173 3792 336 3839 Semel.
362 3792 595 3855 Quidam
616 3790 757 3840 codd.
775 3794 931 3849 simul.
952 3794 1070 3842 Non
1098 3793 1223 3841 male
1248 3810 1484 3857 quoque:
1507 3810 1623 3841 nam
1639 3829 1653 3852 ,
1675 3793 1841 3857 inquit
1859 3790 2185 3841 Casaubonus
2197 3826 2214 3853 ,

174 3886 286 3919 cum
306 3872 546 3940 doctrine
566 3870 714 3917 simul
731 3873 1048 3939 ingeneratur
1060 3888 1117 3920 ac
1138 3874 1312 3921 crescit
1326 3874 1381 3921 in
1403 3874 1586 3922 horum
1607 3873 1782 3920 animis
1795 3872 1966 3935 gloriae
1979 3870 2216 3919 titillatio.

108 3941 115 3951 ’
172 3952 235 4000 λι
253 3950 639 4006 codd21‘utean.
660 3952 807 4007 Colb.
831 3964 879 4005 et
902 3952 988 4003 alii
1017 3955 1295 4020 complures
1311 3990 1326 4015 ‚
1349 3954 1498 4004 semel
1513 3970 1530 4002 .·
1557 3954 1622 4003 ita
1650 3968 1853 4019 quoque
1886 3952 1994 4003 cod.
2021 3962 2210 4001 noster.

1814 4060 1850 4102 2
