2775 4619
493 363 658 452 ‚266
905 363 976 426 c.
1026 359 1420 426 LUCILII
1474 357 2155 442 FRAGMENTA,

1477 485 1539 544 X
1556 485 1603 542 1.

605 585 690 644 Ut
711 580 1054 662 perhibetur
1081 586 1230 640 iners
1243 625 1266 654 ,
1296 602 1389 641 ars
1420 582 1483 641 in
1512 602 1635 661 quo
1662 599 1785 641 nou
1812 594 1901 642 est
1925 580 2069 642 ulla.

1446 683 1508 739 X
1525 683 1553 738 1
1568 683 1617 738 1.

606 782 756 838 Nam
785 777 950 837 velut
981 781 1128 835 intro
1157 777 1320 836 aliud
1351 778 1527 858 longe
1558 797 1681 838 esse
1709 789 1891 856 atque*
1912 780 2061 835 intu’
2079 775 2347 836 videmus
2366 799 2384 835 ε

608 876 704 935 Sic
731 888 790 934 et
821 878 989 952 apud
1009 891 1096 947 te,
1130 875 1305 955 longe
1331 866 1467 936 alid'
1482 888 1572 935 est
1588 919 1603 947 ‚
1628 895 1823 954 neque
1854 876 2013 934 idem
2034 876 2191 935 valet
2212 879 2300 934 ad
2322 889 2377 934 te
2396 897 2421 932 .-

609 979 772 1032 Inero
799 995 904 1032 nos
929 987 1107 1032 vocat
1129 977 1218 1031 ad
1237 994 1360 1032 sese
1375 1017 1401 1048 ,
1434 987 1589 1032 tenet
1608 977 1759 1030 intus
1784 975 1953 1049 apud
1976 993 2057 1030 se.

1438 1076 1497 1131 X
1516 1076 1545 1129 I
1564 1075 1591 1130 Ι
1608 1075 1656 1130 Ι.

609 1173 792 1228 Porro
819 1170 1204 1246 Chenopodas
1218 1213 1238 1239 ,
1259 1168 1353 1228 sic
1387 1169 1743 1246 'Clinopodas
1772 1169 2126 1248 {ychnosque

613 1266 874 1324 Diximu’
901 1277 1090 1341 σεμνῶς
1118 1269 1459 1343 antepedes
1486 1269 1624 1324 lecti
1642 1277 1822 1344 atque
1852 1270 2135 1323 lucernas.

1440 1365 1505 1421 -X
1522 1366 1551 1419 I
1564 1366 1635 1421 V.

613 1463 809 1518 Fer-vit
831 1481 983 1539 aqua
1000 1503 1018 1532 ‚
1051 1461 1338 1536 ecfer-vet,
1355 1460 1541 1535 fervit
1566 1480 1718 1516 nunc
1734 1503 1755 1531 ,
1770 1460 1972 1535 semet
1990 1462 2079 1516 ad
2094 1481 2339 1520 annum.

1468 1560 1615 1616 XV.

611 1658 852 1715 Fet-vere
873 1674 948 1714 ue
974 1654 1220 1735 longum
1241 1673 1382 1714 vero
1408 1656 1523 1713 hoo
1552 1653 1861 1713 lectoribu’
1888 1653 2135 1712 tradam.

1447 1753 1633 1810 XVI.

611 1849 784 1907 Nunc
811 1849 936 1908 haec
963 1849 1109 1928 quid
1135 1849 1322 1908 valeat
1337 1892 1354 1922 ,
1382 1847 1599 1927 quidve
1625 1848 1767 1906 huie
1792 1847 2053 1908 interciet
2075 1849 2231 1907 illud

613 1947 942 2024 Cognosces
968 1968 981 2003 z
1015 1946 1274 2026 primum
1302 1945 1417 2004 hoc
1443 1944 1607 2024 quod
1634 1943 1886 2003 dicimus
1916 1965 2040 2004 esse
2064 1950 2277 2024 poema
2294 1989 2313 2019 ‚

615 2045 884 2124 Cujusvis
917 2046 1110 2123 operis
1137 2065 1268 2124 pars
1296 2058 1383 2104 est
1414 2064 1536 2102 non
1565 2063 1773 2122 magna
1791 2088 1806 2116 ‚
1836 2049 2047 2122 poema
2064 2087 2083 2116 ‚

613 2144 750 2200 Pars
780 2155 867 2202 est
893 2163 1068 2220 parva
1095 2149 1338 2221 poema,
1368 2140 1617 2222 proinde
1644 2154 1713 2199 ut
1740 2141 1988 2220 epistola
2008 2141 2231 2220 quaevis
2249 2162 2267 2198 ε

611 2236 724 2294 Illa
751 2237 941 2315 po‘esis
967 2259 1118 2317 opus
1147 2251 1334 2299 totum
1356 2282 1372 2309 ‚
1400 2251 1469 2296 ut
1494 2250 1615 2298 tota
1636 2237 1769 2296 Ilias
1786 2282 1803 2311 ,
1826 2255 1947 2296 unu

611 2336 714 2393 Est
738 2338 864 2397 θέσις
881 2366 895 2387 ‚
925 2336 1299 2415 Annalesque
1323 2336 1475 2396 En'ni
1493 2381 1509 2409 ,
1535 2350 1713 2415 atque
1745 2337 1891 2396 istoc
1920 2354 2073 2415 opus
2097 2357 2289 2394 unum
2309 2380 2329 2409 ‚

612 2433 717 2489 Est
741 2432 929 2507 majus
955 2432 1148 2491 multo
1164 2476 1181 2505 ‚
1205 2431 1385 2511 quum
1414 2432 1577 2512 quod
1604 2434 1726 2493 dixi
1748 2446 1881 2496 ante
1902 2439 2131 2512 poema.

610 2532 985 2605 Quapropter
1014 2528 1184 2588 dico:
1211 2551 1389 2591 nemo
1419 2532 1521 2609 qui
1549 2528 1752 2609 culpat
1776 2534 2104 2589 Homerum

608 2629 900 2703 Perpetuo
926 2627 1129 2706 culpat
1146 2670 1162 2699 ,
1189 2648 1382 2706 neque
1400 2674 1417 2701 ‚
1442 2628 1608 2707 quod
1636 2628 1917 2687 dixiante
1945 2628 2151 2706 poesin
2182 2612 2187 2617 ¹

609 2724 863 2783 Versum
891 2744 1083 2783 unum
1110 2725 1344 2805 culpat,
1371 2746 1581 2786 verum
1604 2724 1979 2804 enthymema
2003 2724 2351 2808 malignum.

1434 2826 1603 2883 ΧΠ
1621 2826 1670 2881 1.
2444 2806 2451 2815 '

610 2917 790 2991 Quod
817 2918 1085 2979 deformi’
1110 2939 1286 2979 senex
1301 2962 1318 2991 ,
1339 2938 1408 2978 ac
1425 2920 1733 2999 paedidus‚
1757 2940 1825 2980 ae
1852 2918 2249 3000 podagrosus;

530 3106 810 3155 Profectum
835 3124 864 3155 a
881 3109 1034 3161 verbo
1058 3109 1221 3158 ambio
1235 3144 1254 3168 ,
1277 3110 1415 3175 quod
1436 3120 1526 3157 est'
1562 3127 1565 3129 ’
1588 3124 1762 3159 ausus:
1783 3120 2046 3159 auctorum
2072 3110 2204 3157 euim
2224 3118 2463 3159 veterum
2488 3126 2569 3160 au-

531 3187 588 3235 in
607 3187 794 3235 ambitu
813 3200 862 3236 et
879 3190 1144 3239 ambitioso.

612 3286 633 3317 1
647 3286 692 3318 1.
724 3272 948 3331 Servius,
973 3272 1030 3319 iu
1062 3276 1136 3321 IV
1147 3258 1348 3339 'Geni-g.
1367 3272 1510 3337 virg.

533 3353 669 3399 Iners
689 3352 896 3416 ponitur
917 3363 966 3401 et
981 3370 1076 3417 pro
1097 3370 1159 3402 eo
1181 3356 1268 3419 qui
1287 3356 1393 3403 sine
1411 3364 1513 3403 arte

501 3480 506 3485 .
535 3432 612 3481 sit.
631 3432 815 3481 Junius
836 3434 1111 3498 Philargyr.
1131 3434 1335 3483 ibidem

1590 3192 1779 3241 daciam
1820 3200 2019 3241 secutus
2062 3202 2147 3241 est.
2180 3193 2479 3255 Dependent
2508 3194 2574 3255 ζγ-

1592 3271 1711 3321 chm’
1736 3272 2053 3335 laquearibus
2076 3271 2253 3319 aureis.

1669 3362 1747 3409 14.
1772 3352 2141 3413 Quintilianus,
2163 3350 2255 3399 lib.
2284 3368 2404 3417 cap.
2432 3370 2509 3401 xo.

1670 3434 1748 3481 15.
1796 3434 2030 3482 Nonius.
2066 3432 2147 3483 Ab
2198 3448 2263 3481 eo
2314 3434 2461 3497 quod
2507 3442 2575 3481 eet

612 3528 698 3561 12.
715 3513 996 3573 Charisius,
1017 3512 1105 3561 lib.
1137 3516 1186 3561 1:
1209 3516 1345 3561 Intro
1368 3525 1441 3562 est
1460 3514 1516 3561 in
1580 3512 1763 3579 fervit,
1784 3514 2010 3564 breviato
2037 3525 2249 3563 accentu
2264 3548 2279 3574 ‚
2288 3510 2493 3579 fervere
2508 3516 2573 3562 fi·-

533 3593 744 3654 loeum,
780 3594 908 3643 incus
943 3594 999 3641 in
1029 3594 1144 3643 loco
1177 3594 1427 3653 dicimus:
1458 3603 1517 3641 ut

533 3674 681 3721 etiam
713 3674 848 3739 apud
871 3677 1067 3723 Graeeos
1094 3674 1192 3725 ἔσω
1214 3708 1231 3737 ,
1257 3673 1401 3730 εἴσω,
1432 3672 1519 3725 καὶ

530 3747 672 3804 ἔνδον
691 3774 705 3816 ;
727 3754 942 3818 ideoque
977 3753 1199 3802 Lucilius
1237 3754 1308 3801 ait
1335 3770 1351 3800 z
1387 3752 1517 3800 Nam

531 3832 676 3881 ‘velut
691 3834 819 3882 intro
840 3835 1014 3893 aliud,
1037 3847 1126 3883 etc.

609 3914 693 3961 13.
721 3916 1032 3975 Macrobius,
1061 3919 1255 3965 Satura.
1283 3914 1377 3963 lib.
1406 3918 1481 3964 'VI
1498 3950 1513 3975 ‚

536 4007 643 4056 ‹eap-
663 3992 735 4038 IV
743 4009 759 4055 J
776 3996 990 4043 Inseruit
1007 3997 1148 4059 operi
1166 4013 1258 4044 suo
1276 3982 1517 4061 Vir'gilius

537 4082 589 4121 et
609 4074 776 4121 Graeca
794 4074 970 4123 verba:
991 4076 1077 4125 sed
1093 4093 1200 4127 non
1212 4078 1405 4144 primus
1414 4077 1516 4129 hoc

1596 3596 1679 3643 eit.

1673 3692 1694 3721 1
1703 3674 1761 3727 6„
1772 3673 1969 3743 Nonius
1980 3690 1997 3720 .·
2016 3661 2175 3721 Poc'isis
2188 3683 2238 3720 et
2243 3690 2433 3738 poema
2448 3672 2573 3721 hane

1594 3754 1782 3803 habeut
1802 3754 2096 3801 difluimiam.
2123 3754 2287 3801 Ροὲεἱς
2316 3762 2393 3801 est
2418 3764 2572 3802 textus

1596 3837 1893 3900 scriptorum
1908 3852 1921 3895 3
1930 3837 2135 3898 poffma,
2152 3834 2383 3882 inventio
2402 3850 2545 3900 parva
2554 3865 2571 3892 ‚

1595 3932 1707 3981 quae
1725 3916 1897 3983 paucis
1914 3916 2077 3965 verbis
2094 3916 2376 3980 expeditur.

1672 4014 1691 4043 1
1704 4012 1749 4057 7.
1790 3996 1987 4050 Nonius
2020 4013 2033 4043 ε
2075 3994 2297 4045 flamia-es
2340 3994 2573 4047 dicuntur

1593 4076 1854 4144 pulmones
1866 4110 1886 4151 Ξ
1904 4057 1983 4128 vei
2002 4074 2208 4125 herniae.
