2775 4619
912 386 1309 457 SATIRA
1370 384 1492 449 VI.

2095 386 2214 450 183

244 512 413 575 ·Jam
446 510 663 577 decies
696 508 869 575 redit
900 511 972 575 in
1010 532 1257 599 rugam.
1295 509 1590 598 Depinge
1623 506 1741 572 ubi
1773 508 1988 575 sistam
2009 556 2028 589 ‚

267 630 579 693 Inventus
600 675 619 708 ‚
654 626 1015 717 Chrysippe
1034 673 1054 707 ,
1088 626 1187 691 tui
1221 624 1446 690 finitor
1480 624 1708 689 acervi.

166 867 253 918 γει
278 854 371 905 τῆν
404 848 575 917 ὄρεξιν.
599 846 892 899 C.-Feci.
915 843 1019 901 Per
1036 862 1164 915 pro-

170 926 509 996 sopopoeiam
519 923 815 997 respondet
824 942 1025 979 avarus.
1036 924 1087 976 N
1088 943 1161 977 on

168 1006 357 1057 solum
396 1004 678 1076 duplicavi
700 1042 718 1069 ‚
754 1008 847 1058 sed
884 1023 1003 1058 rem
1037 1004 1163 1057 auxi

171 1098 264 1137 ter
278 1122 295 1147 ‚
320 1096 517 1156 quater
533 1123 551 1149 ‚
574 1084 773 1137 decies.

247 1196 339 1247 79.
368 1183 483 1227 Jam
514 1179 671 1227 decies
704 1180 833 1227 redit
868 1178 917 1226 in
950 1179 1161 1246 rugam.]

167 1256 501 1327 Metaphora
514 1254 679 1309 ducta
702 1268 729 1307 a
746 1256 985 1310 vestibus
1000 1278 1017 1320 4
1040 1275 1161 1327 quae

166 1346 540 1405 corrugantur
548 1332 775 1404 proprie
788 1345 842 1385 et
855 1333 1129 1404 plicantur
1142 1352 1156 1385 ε

168 1412 325 1465 unde
354 1413 415 1465 in
448 1411 862 1466 similitudinem
896 1410 1161 1484 multipli-

170 1494 285 1545 cari
310 1511 441 1564 opes
478 1492 747 1546 dicuntur
781 1492 918 1546 dum
947 1492 1161 1545 nummi

168 1574 415 1625 nummis
442 1573 857 1627 accumulantur
885 1583 939 1625 et
963 1589 1161 1625 accres-

170 1664 332 1705 cunt.
371 1646 772 1721 P.——Depingb.
808 1651 879 1705 Id
920 1665 1031 1717 est,
1058 1663 1161 1719 sta,-

168 1744 269 1785 tue
303 1770 321 1797 ‚
356 1732 655 1804 perscribe.
698 1732 805 1785 Alii
844 1733 1035 1804 legunt
1069 1735 1174 1796 deo·
1200 1777 1205 1783 .

156 1832 367 1881 punge,
394 1824 459 1865 ut
500 1812 571 1865 sit
611 1811 925 1883 metaphora
958 1831 989 1863 a
1019 1810 1157 1865 libra

166 1893 228 1945 in
258 1912 368 1965 qua
396 1907 609 1947 certum
636 1892 853 1965 pondus
880 1893 1156 1945 indicatur

168 1986 225 2026 et
262 1985 487 2025 notatur
522 1974 763 2044 punctis.
804 1972 927 2037 Sic,
956 1986 1049 2026 sat.
1077 1971 1149 2039 V,

166 2072 225 2107 v.
252 2070 355 2105 100
373 2092 390 2119 ,
413 2068 547 2104 cereo
566 2072 861 2121 cornpescere
872 2067 1073 2123 puncto.
1091 2052 1151 2105 Β.

240 2150 328 2203 80.
344 2154 599 2212 Inventus,
624 2152 906 2215 Chrysippe‚
929 2150 1027 2211 tui,
1042 2150 1153 2217 eea]

166 2224 427 2283 Ᾱὸύνατον
450 2269 469 2296 ,
505 2242 572 2283 ut
600 2231 737 2284 vult·
759 2230 1113 2283 Casaubonus
1132 2266 1148 2294 ‚

164 2306 228 2360 id
269 2321 353 2361 est
384 2346 401 2373 ,
435 2311 471 2360 ὀ
514 2308 819 2381 Chrysippe
855 2346 871 2373 ,
910 2308 953 2360 si
996 2322 1153 2380 potes

162 2389 516 2458 praescribere
528 2427 544 2454 ‚
560 2408 671 2460 ,qua
696 2390 754 2441 in
773 2390 1151 2460 propositione

164 2468 349 2520 soritis
390 2468 788 2540 quiescendum
833 2468 905 2521 sit
937 2469 1149 2540 potissi-

162 2566 351 2616 mum;
381 2549 460 2612 si,
484 2547 714 2618 inquam
730 2584 747 2611 ‚
767 2544 825 2599 id
843 2547 1147 2613 inveneris,

160 2639 221 2676 et
248 2626 419 2678 finem
448 2638 663 2678 certum
695 2625 921 2680 infinitae
949 2645 1151 2697 propo-

160 2707 428 2760 sitionum
444 2707 718 2778 congeriei
734 2706 981 2760 statueris
993 2745 1011 2770 ‚
1031 2719 1149 2760 tum

160 2806 261 2858 ego
298 2805 436 2839 meae
479 2785 772 2858 cupiditati
818 2800 873 2840 et
916 2787 1149 2842 avaritiae

156 2867 470 2923 terminum
485 2866 788 2930 inveniam3
808 2865 866 2918 id
884 2879 963 2919 est
976 2905 993 2930 ‚
1009 2885 1150 2918 nun-

162 2966 349 3018 quam.
380 2977 455 2988 ——
486 2949 759 3016 Chrysippe.
802 2946 904 2999 Hic
946 2947 1149 3002 stoicus

158 3028 269 3079 suit
305 3024 671 3100 philosophus
690 3063 708 3091 ‚
742 3029 1003 3094 Zenonis,
1029 3029 1146 3094 vel,

159 3122 224 3161 ut
246 3109 453 3162 volunt
474 3107 592 3169 alii,
614 3106 887 3162 Cleanthis
908 3108 1147 3179 discipu·

158 3189 246 3240 lus
266 3226 286 3252 ,
306 3189 392 3240 vir
422 3188 533 3240 acri
568 3187 789 3259 ingenio
820 3209 833 3240 :
862 3187 921 3240 in
952 3187 1147 3242 dialec-

159 3271 271 3322 tica
324 3268 581 3322 excelluit
620 3287 633 3320 :
686 3269 901 3340 quoties
958 3280 1149 3322 contra

159 3349 487 3402 Cleanthem
504 3347 805 3420 disputarat
818 3387 833 3411 ‚
859 3349 1047 3402 solitus
1069 3349 1148 3402 di-

158 3448 285 3482 cere
297 3467 315 3495 ,
334 3428 677 3483 fortunatum
694 3445 749 3482 se
766 3429 1019 3483 adversus
1036 3449 1149 3483 om·

158 3529 281 3574 ne3‚
299 3523 667 3582 praeterquam
686 3509 945 3563 adversus
962 3511 1149 3563 Clean·

163 3591 358 3642 them:
400 3589 538 3644 adeo
574 3609 705 3645 vero
750 3592 1057 3666 superbus,
1084 3604 1148 3645 ut

2147 633 2217 685 80

1242 841 1518 896 Ptolemaei
1545 843 1684 914 regis
1716 842 2011 914 *amicitiam
2043 862 2219 915 asper⁴

1241 934 1400 977 natus
1420 924 1518 991 sit,
1539 938 1593 977 et
1608 926 1884 996 jactaverit
1911 923 1981 977 de
2011 944 2094 977 se:
2119 945 2218 976 non

1240 1020 1362 1056 esset
1395 1008 1615 1055 Porticus
1634 1044 1653 1067 ,
1702 1008 1796 1057 nisi
1838 1020 1957 1056 essee
1995 1008 2217 1073 Chrysip·

1231 1104 1346 1151 pus.
1402 1085 1487 1137 Ex
1536 1086 1710 1153 effuso
1766 1086 1879 1138 risu
1933 1096 2218 1138 mortuum

1240 1164 1494 1217 nonnulli
1539 1164 1782 1219 tradunt.
1833 1164 1989 1236 Diog.
2035 1166 2212 1217 Laert.

1238 1242 1334 1294 lib.
1354 1240 1466 1294 VII
1483 1282 1500 1309 ,
1523 1236 1638 1295 Cic.
1669 1245 1695 1295 I
1711 1282 1727 1309 ‚
1753 1242 1822 1295 de
1849 1243 2055 1295 Natura
2078 1244 2218 1295 Deo-

1238 1328 1660 1375 rum.-Ace1vi.
1691 1322 1904 1375 Soriten
1932 1323 2182 1394 intelligit
2199 1344 2214 1375 ε

1241 1422 1362 1474 quae
1374 1405 1766 1475 argumentatio
1779 1394 1856 1457 es't
1873 1422 2108 1466 acervus,
2119 1422 2216 1457 seu

1240 1484 1508 1537 cumulus
1531 1484 1967 1555 propositionum
1997 1503 2114 1555 quas
2155 1485 2213 1536 in

1237 1563 1520 1617 infinitum
1547 1564 1806 1637 progredi
1842 1583 1998 1635 posse
2029 1563 2217 1617 viden-

1238 1656 1332 1697 tur
1352 1664 1365 1696 ε
1390 1643 1538 1697 unde
1557 1662 1656 1715 per
1681 1644 1914 1696 ironiam
1933 1642 2070 1695 dixit
2088 1641 2216 1697 Per·

1238 1723 1350 1775 sius
1366 1725 1550 1794 finitor
1566 1743 1590 1782 ,-
1627 1736 1681 1775 et
1721 1721 1910 1787 addit,
1945 1726 2044 1783 tui,
2083 1723 2214 1796 quia

1236 1802 1590 1857 dissolvendae
1608 1802 1765 1855 istius
1783 1802 2033 1855 acervalis
2052 1802 2214 1874 argu·

1234 1883 1581 1937 mentationis
1591 1884 1856 1936 rationem
1869 1884 2212 1956 investigavit

1234 1963 1572 2037 Chrysippus
1589 2001 1606 2028 ‚
1630 1976 1685 2017 et
1713 1962 1781 2015 de
1806 1982 1868 2015 ea
1892 1976 2125 2034 quatuor
2150 1963 2214 2014 li-

1230 2045 1357 2098 bros
1387 2044 1656 2116 scripsisse
1693 2045 1888 2097 fertur.
1917 2040 2172 2097 Horatius
2189 2080 2206 2109 ,

1231 2125 1330 2177 lib.
1362 2126 1422 2177 ΙΙ
1441 2162 1458 2189 ,
1482 2125 1640 2197 epist.
1663 2126 1724 2177 1:

1292 2225 1420 2271 Dum
1458 2223 1593 2269 cadat
1627 2224 1781 2269 elusus
1817 2222 1998 2269 ratione
2030 2222 2207 2269 ruentis

1352 2309 1522 2342 acervi.

1230 2391 1556 2463 Exemplum
1574 2391 1754 2444 soritis
1783 2404 1862 2446 est
1894 2390 2040 2463 apud
2059 2391 2210 2446 Cice⁴

1228 2491 1451 2536 renem,
1469 2473 1693 2526 Tuscul.
1716 2474 1922 2538 Quaest.
1939 2473 2012 2536 V,
2033 2492 2086 2525 n.
2105 2476 2173 2538 45
2187 2511 2205 2539 ,

1229 2551 1327 2604 uhi
1345 2552 1522 2603 solum
1546 2552 1836 2605 honestum
1865 2570 1978 2605 esse
1996 2553 2207 2605 bonum

1228 2631 1303 2682 sic
1318 2631 1585 2702 probatur
1595 2649 1698 2702 per
1711 2631 1959 2702 quinque
1972 2629 2168 2701 gradus
2186 2651 2202 2681 τ

1234 2714 1483 2778 Quicquid
1499 2726 1571 2762 est
1585 2715 1723 2778 quod
1739 2715 1916 2776 bonum
1935 2713 2024 2770 sit,
2049 2715 2104 2761 id
2117 2731 2208 2762 ex-

1219 2794 1487 2858 petendum
1507 2804 1606 2842 ese:
1633 2793 1773 2857 quod
1789 2805 1952 2840 autem
1971 2805 2204 2857 expetere·-
2295 2801 2301 2808 '

1227 2874 1342 2922 dum
1355 2910 1374 2932 ,
1401 2873 1458 2920 id
1475 2885 1606 2922 certe
1633 2873 2040 2938 approbandum:
2069 2875 2210 2937 quod

1226 2969 1351 3002 vero
1382 2953 1702 3018 approbaris,
1725 2951 1783 2998 id
1797 2963 2000 3016 gratum
2029 2967 2204 3016 accep-

1227 3046 1427 3097 tumque
1459 3033 1738 3080 habendum
1759 3049 1776 3078 .·
1803 3049 1919 3097 ergo
1951 3033 2097 3080 etiam
2127 3033 2203 3080 di-

1217 3114 1383 3180 gnitas
1411 3113 1460 3162 ei
1481 3113 1740 3161 tribuenda
1773 3125 1877 3161 est:
1905 3103 2043 3177 quod
2063 3113 2106 3160 .ςὶ
2131 3114 2204 3162 ita

1226 3206 1298 3244 esc
1306 3229 1324 3251 ,
1348 3194 1597 3242 laudabile
1615 3194 1679 3242 sie
1702 3211 1886 3242 necesse
1905 3205 1976 3241 est
1987 3211 2004 3242 .·
2023 3195 2203 3242 bonum

1226 3274 1375 3340 {gitur
1401 3291 1542 3323 omne
1567 3274 1829 3324 laudabile.
1857 3276 1937 3323 Ea·
1966 3292 2065 3338 quo
2092 3272 2204 3344 effi·

1225 3355 1381 3412 citur,
1413 3365 1470 3402 at
1498 3355 1637 3418 quod
1661 3355 1725 3402 sit
1751 3353 2000 3402 honestum
2018 3391 2034 3412 ,
2062 3354 2118 3402 id
2141 3355 2207 3403 sit

1224 3435 1377 3483 solum
1419 3435 1614 3482 bonum.
1655 3431 1728 3484 Et
1767 3431 1796 3482 Ῑ
1825 3468 1842 3496 ,
1883 3429 1952 3483 de
1994 3432 2202 3484 Natura

1225 3513 1470 3565 Deorum
1490 3526 1506 3559 t
1535 3515 1588 3562 Si
1613 3515 1701 3562 Dii
1732 3525 1872 3572 sunt,
1903 3515 2034 3562 beati
2053 3525 2200 3570 sunt3

1224 3595 1269 3644 si
1286 3585 1442 3653 beati,
1462 3594 1650 3643 virtute
1656 3593 1865 3659 pra-dici
1877 3611 1896 3642 .·
1913 3593 1956 3643 si
1971 3593 2195 3650 virtutis,

231 3798 296 3844 V.
324 3811 413 3864 79.
448 3795 690 3861 Depinge.
710 3800 827 3874 Vct.
851 3796 1014 3846 schol.
1043 3797 1209 3847 Codd.
1236 3797 1473 3846 Mazarin.
1500 3794 1734 3846 Fauchet.
1760 3806 1809 3844 et
1838 3796 1942 3844 duo
1971 3794 2085 3854 alii,
2114 3795 2200 3844 de-

150 3895 351 3943 punge:
377 3893 487 3939 uon
513 3878 640 3926 male
665 3889 827 3942 certe,
854 3889 904 3928 et
942 3879 1071 3929 forte
1108 3879 1399 3944 elegantius.
1443 3877 1656 3947 Pithoni,
1675 3881 1699 3926 Ι
1715 3911 1730 3938 ,
1757 3877 1846 3926 sed
1875 3874 2045 3924 scribe.
2081 3879 2200 3947 Haec

158 3960 309 4020 lectio
336 3961 549 4026 glossam
576 3959 779 4010 redolet.
