2775 4619
542 401 692 466 xxiv
1128 397 1676 466 ELENCHUS
1739 399 2036 492 CODD.

1009 561 1156 625 XII.
1198 558 1422 624 Codex
1455 559 1710 623 Pithoei
1739 559 1814 623 II
1854 558 2121 646 (8072).

624 749 775 809 Vide
820 746 1151 806 Elenchum
1199 746 1474 804 codicum
1517 743 1816 803 Juvenalis
1841 788 1858 815 ‚
1896 747 1964 802 Τ.
2003 747 2064 800 11
2085 787 2102 818 ‚
2145 763 2206 821 p.
2254 732 2330 801 >35
2371 757 2584 804 nostrae

546 847 685 907 edit.
708 849 778 903 In
800 845 915 903 hoc
940 841 1143 902 codice
1166 844 1376 913 Persii,
1407 843 1594 900 satirae
1617 853 1861 900 exaratae
1889 841 2110 898 suntin
2131 841 2263 898 cod.
2285 855 2549 919 separato
2563 885 2582 912 ‚

544 956 613 1001 ut
644 939 1079 1012 disimuffiXII
1116 941 1272 998 foliis
1302 945 1619 998 constante.
1657 939 1956 1016 Scriptura
1991 949 2212 1015 spectat
2237 929 2311 996 ad
2329 941 2452 997 XV
2481 959 2588 996 sae-

547 1037 773 1097 culum.
798 1035 1079 1098 Praeterea
1101 1036 1444 1094 inscribitur
1469 1020 1765 1092 Latiniac.
1823 1047 1828 1054 '

814 1199 1016 1262 XIII.
1077 1197 1299 1263 Codex
1335 1198 1568 1286 absque
1604 1201 1856 1261 nomine
1898 1198 1973 1260 II
2021 1196 2330 1289 (8273)..
2397 1149 2412 1164 ⁶

627 1374 1113 1433 Membranaceus
1153 1375 1215 1432 in
1262 1376 1319 1441 4⁰
1338 1417 1355 1445 ‚
1395 1388 1667 1432 constans
1707 1396 1784 1451 99
1830 1375 2022 1446 foliis,
2051 1375 2292 1433 ineunte
2336 1376 2450 1432 XV
2479 1394 2588 1432 sae-

548 1473 687 1530 culo
703 1515 720 1544 ‚
741 1473 969 1551 egregie
996 1453 1113 1530 et⁸a
1135 1493 1313 1530 manu
1340 1471 1513 1530 docta
1537 1473 1599 1529 in
1627 1471 1796 1529 Italia
1823 1473 2094 1549 scriptus.
2118 1476 2331 1530 Praeter
2352 1473 2583 1546 satiras,

548 1570 727 1629 habet
747 1571 927 1629 vitam
953 1571 1131 1628 Persii
1166 1582 1226 1628 et
1264 1570 1753 1655 commentarium
1778 1571 2040 1628 Cornuto
2073 1570 2442 1628 attributum.

815 1746 993 1812 XIV.
1045 1744 1267 1810 Codex
1314 1746 1547 1834 absque
1597 1748 1850 1809 nomine
1889 1744 1999 1822 Ill
2045 1743 2314 1833 (8274).

632 1911 761 1972 Sub
780 1912 995 1970 eodem
1021 1907 1187 1990 signo
1212 1911 1445 1969 arithm.
1470 1913 1843 1990 reperiuntur
1871 1925 1988 1972 tres
2019 1913 2255 1972 codices
2279 1913 2587 1974 satirarum

551 2010 758 2079 Persii,
790 2028 991 2067 omnes
1018 2007 1229 2067 eodem
1270 2008 1489 2067 saeculo
1514 2011 1626 2068 XV
1653 2010 1887 2068 exarati.
1917 2011 2180 2080 Primus,
2207 2009 2547 2070 chartaceus
2568 2057 2586 2085 ‚

556 2119 637 2163 12·
654 2106 814 2163 'foliis
836 2119 1107 2164 constans
1124 2149 1140 2174 ‚
1170 2105 1407 2164 exhibet
1433 2119 1550 2164 tres
1577 2107 1776 2164 satiras
1796 2107 1977 2164 Persii
2001 2107 2251 2186 integras
2271 2151 2286 2179 ‚
2317 2121 2376 2166 et
2402 2111 2588 2168 tertiae

548 2223 820 2280 magnam
844 2199 1067 2280 partem‘
1093 2213 1283 2280 usque
1306 2203 1381 2260 ad
1402 2203 1547 2260 ⁸vers.
1584 2204 1693 2260 108
1714 2248 1731 2275 ‚
1751 2215 1908 2261 recte
1935 2205 2184 2280 scriptus
2201 2247 2218 2274 ‚
2245 2204 2348 2261 sed
2377 2226 2589 2282 parum

549 2313 815 2358 accurate
837 2342 853 2369 ‚
886 2312 944 2357 et
978 2299 1140 2378 parvi
1170 2298 1708 2370 momenti..Alter‚
1743 2299 2222 2358 membranaceus
2239 2344 2255 2372 ‚
2285 2301 2589 2379 complec—

552 2397 697 2454 titur
741 2417 945 2455 omnes
986 2398 1184 2454 satiras
1228 2397 1350 2453 sine
1390 2396 1577 2465 notis,
1609 2407 1695 2452 sat
1734 2395 1884 2453 bene
1923 2394 2187 2466 curatas,
2217 2397 2322 2455 sed
2357 2398 2589 2455 mendis

550 2492 777 2572 ubique
797 2494 1054 2551 refertas.
1084 2493 1179 2549 Ad
1207 2492 1385 2549 finem
1415 2476 1584 2569 cujus
1610 2477 1739 2550 haec
1765 2490 2012 2570 legenda
2039 2484 2207 2550 su'nt:
2582 2498 2594 2507 “

740 2648 1331 2745 Es1s1lueftr1nus
1361 2650 1575 2757 labor
1619 2676 1666 2721 o
1712 2676 1876 2755 mea
1921 2678 2106 2723 cura
2141 2650 2392 2724 hbelle

842 2768 1089 2855 Quem
1126 2790 1293 2870 mea
1325 2778 1401 2835 te
1433 2762 1722 2869 sempsit
1752 2764 2130 2865 mgenlosa
2158 2764 2482 2837 'manui-⁹(

544 2960 773 3020 Deinde
788 3004 805 3032 ‚
835 2980 1069 3019 carmen
1110 2960 1207 3017 cui
1246 2960 1496 3019 titulus:
1536 2934 1764 3019 &idias
1803 2964 1878 3019 de
1917 2964 2156 3019 vocibus
2193 2966 2590 3039 appropriatis

548 3061 747 3140 avibus
778 3071 839 3115 et
874 3061 1385 3135 quadrupedibus,-
1417 3072 1474 3119 et
1515 3061 1777 3139 primum
1817 3060 1892 3119 de
1931 3062 2265 3125 Philomela
2291 3105 2316 3135 ,
2363 3062 2444 3120 sic
2489 3062 2590 3121 in-

547 3172 773 3233 mplens
800 3175 816 3211 :·

825 3268 1015 3321 Dulcis
1039 3268 1208 3321 amica
1229 3270 1351 3323 veni
1378 3270 1556 3323 noctis
1583 3271 1768 3324 solatia
1795 3282 2083 3348 praestans3

806 3414 811 3422 ,
900 3358 1052 3411 Inter
1078 3378 1201 3414 aves
1220 3360 1429 3420 ’etenim
1452 3360 1603 3412 nulla
1631 3362 1716 3412 tui
1743 3358 1963 3427 similis»,
1988 3376 2091 3416 etc.

540 3508 771 3569 Tertius
794 3507 1072 3582 demum,
1098 3508 1434 3570 chartaceus
1455 3555 1472 3582 ‚
1506 3512 1575 3569 13
1600 3509 1759 3569 foliis
1784 3527 2058 3572 constans
2073 3556 2090 3585 ‚
2118 3514 2299 3573 habet
2319 3515 2591 3573 Persium

538 3607 839 3685 integrum
864 3628 1001 3677 cum
1026 3608 1263 3667 scholiis
1288 3608 1720 3687 copiosissimis.
1745 3610 1898 3672 Setis
1917 3601 2214 3691 eleganter
2235 3624 2296 3671 et
2319 3626 2593 3673 accurate

540 3718 843 3790 effaretur,
874 3718 932 3771 et
958 3719 1045 3763 est
1070 3707 1353 3783 optimus.
1859 3709 1863 3713 ’

930 3838 1076 3922 XV.
1139 3854 1360 3920 Codex
1404 3858 1858 3925 Mentellianus
1905 3859 2181 3949 (8282).

616 4012 970 4121 ¹Chai-tacens
1016 4013 1083 4072 in
1136 4014 1194 4086 [ς’
1244 4016 1387 4076 min.
1409 4010 1418 4037 ³
1443 4032 1712 4078 constans
1781 4020 1892 4079 135
1945 4012 2150 4093 foliis3
2201 4018 2424 4081 saeculo
2476 4022 2598 4087 XV,
