2775 4619
605 324 732 400 144

1117 313 1196 384 A.
1243 317 1637 390 PE.RSII
1692 317 2075 388 FLACCI

679 443 794 510 Nil
825 442 950 510 tibi
973 444 1288 510 concessit
1314 446 1514 509 ratio:
1543 444 1819 536 digitum
1848 467 2038 512 exere
2056 492 2077 527 ‚
2103 467 2351 535 peccas,

609 559 616 566 ’
675 561 762 640 Et
783 557 947 648 quid
969 575 1100 624 tam
1122 583 1398 649 parvum
1418 558 1560 624 est?
1586 559 1713 626 Sed
1739 560 1923 625 nullo
1948 561 2142 627 thure
2166 561 2415 642 litabis,

2532 584 2651 623 1²0

676 676 934 740 Haereat
957 676 1028 739 in
1053 675 1265 740 stultis
1290 675 1505 740 brevis
1531 691 1607 741 ut
1634 677 1961 741 semuncia
1986 676 2168 742 recti.

680 792 838 857 Haec
862 790 1134 856 miscere
1162 789 1377 873 nefas3
1404 813 1525 855 nec
1539 839 1561 873 ,
1587 795 1741 857 cum
1768 791 1853 856 sis
1884 806 2113 856 caetera
2140 790 2381 874 fossor,

593 1005 693 1041 seu
712 984 959 1048 aviculis,
975 1001 1139 1055 quos,
1152 983 1280 1037 cum
1299 982 1573 1054 aufugere,

593 1081 690 1123 aut
703 1066 916 1121 evolare
929 1064 1096 1137 paulo
1112 1063 1328 1135 longius
1341 1076 1575 1130 tentant,

593 1149 845 1204 funiculo
871 1148 1098 1200 innexos
1129 1163 1466 1198 revocamus.
1510 1144 1574 1197 P.

673 1249 696 1283 1
709 1247 788 1300 19.
806 1231 896 1281 Nil
917 1231 1006 1280 cibi
1029 1229 1262 1278 concessit
1283 1229 1451 1294 ratim]
1473 1225 1577 1277 Hic

593 1309 862 1384 prolepsis
887 1319 988 1360 est.
1009 1308 1178 1360 Dama
1197 1305 1346 1358 enim
1365 1317 1577 1377 poterat

593 1391 833 1464 objicere
857 1410 871 1441 ε
915 1406 1028 1442 non
1069 1406 1192 1440 sum
1237 1385 1465 1458 quidem
1515 1386 1576 1437 in

595 1486 776 1528 totum
791 1471 1032 1544 sapiens3
1053 1470 1264 1540 sapiens
1275 1480 1455 1521 tamen
1476 1485 1576 1539 ego

596 1553 739 1608 satis.
788 1552 968 1617 Quam
1014 1549 1382 1621 objectionem
1426 1559 1601 1621 ante--

599 1633 764 1688 vertit
799 1637 995 1703 poeta,
1019 1629 1201 1683 stoico
1245 1627 1441 1682 scholas
1480 1626 1579 1680 de-

597 1727 810 1770 cretum
839 1730 1154 1786 opponens,
1180 1729 1303 1782 quat
1327 1727 1577 1777 pronun·

597 1793 700 1850 tiat
717 1834 734 1861 .,
759 1813 948 1848 omnes
970 1794 1196 1865 quinon
1217 1805 1348 1844 sunt
1367 1791 1581 1862 sapien·

599 1889 680 1930 tes
717 1894 830 1929 esse
869 1874 1066 1927 stultos
1091 1911 1109 1938 ‚
1144 1871 1280 1924 nihil
1319 1889 1436 1931 esse
1470 1889 1581 1923 me-

601 1956 759 2010 dium
780 1973 798 2021 3
830 1967 1048 2028 peccata
1072 1952 1218 2005 enim
1243 1970 1358 2004 non
1379 1950 1583 2005 distin-

601 2037 727 2112 gui,
743 2033 836 2090 sed
854 2034 1079 2108 oequalia
1098 2053 1228 2088 esse.
1244 2032 1376 2086 vid.
1396 2033 1581 2085 Senec.

567 2185 570 2188 ⁴
600 2119 836 2192 Epictet.
878 2119 958 2170 M.
999 2115 1148 2168 Tull.
1187 2127 1242 2167 et
1281 2114 1579 2168 stobaeum.

601 2200 782 2266 Quam
813 2196 1118 2250 doctrinam
1151 2195 1350 2248 merito
1387 2195 1583 2246 confu-

563 2334 570 2339 .
604 2280 740 2335 tavit
753 2279 829 2331 Μ.
843 2276 988 2330 Tull.
1008 2287 1062 2331 et
1081 2276 1270 2330 festive
1289 2293 1350 2327 ac
1369 2275 1583 2329 satirico

573 2350 578 2357 ⁶
602 2360 894 2435 exagitavit
913 2359 1100 2411 Horat.
1123 2358 1221 2409 lib.
1239 2358 1294 2419 1,
1311 2370 1409 2409 sat.
1440 2356 1503 2422 3,
1524 2356 1585 2409 in

554 2495 559 2499 .
605 2442 692 2495 his
712 2440 988 2496 versibus:

607 2524 711 2572 Nec
736 2523 891 2570 vineat
920 2521 1041 2567 ratio
1077 2520 1200 2575 hoe,
1221 2518 1509 2565 munden
1534 2526 1589 2564 ut

733 2602 923 2656 peccet,
948 2592 1167 2653 idemque

610 2666 706 2727 Qui
717 2674 902 2715 teneros
919 2664 1070 2711 caules
1088 2662 1230 2725 alieni
1243 2660 1433 2724 fregerit
1448 2661 1587 2717 horti,

609 2740 671 2786 Et
692 2738 776 2800 qui
792 2746 1046 2783 nocturnus
1068 2733 1241 2780 Divum
1265 2748 1396 2779 sacra
1410 2732 1590 2795 legerit.

734 2808 868 2855 Adsit

610 2880 790 2945 Regula
803 2915 818 2936 ‚
850 2877 1054 2941 peccatis
1091 2892 1194 2939 quae
1227 2890 1385 2937 poenas
1419 2874 1595 2937 irroget

574 3076 578 3081 ,
613 3022 688 3069 Ne
723 2966 915 3067 ἓξὲξ,
933 3017 1128 3080 dignum
1166 3013 1384 3062 horribili
1420 3022 1595 3061 sectare

733 3091 932 3153 flagello.

524 3232 532 3239 μ
609 3167 682 3219 At
703 3164 814 3219 vid.
847 3168 1020 3216 totam
1037 3162 1597 3228 satiram.-—Digieum

612 3266 762 3299 exere
789 3282 806 3308 ,
841 3263 1039 3313 peccas.
1087 3244 1316 3295 Minima
1355 3242 1496 3294 actio
1536 3240 1595 3293 in

613 3325 932 3400 exemplum
955 3322 1184 3397 ponitur
1199 3361 1218 3384 ..
1247 3336 1304 3377 et
1335 3323 1396 3375 in
1430 3340 1595 3393 quam

607 3426 727 3465 non
747 3405 1000 3461 videatur
1023 3403 1160 3457 boni
1183 3418 1280 3457 aut
1301 3402 1429 3456 mali
1456 3402 1595 3455 ratio

614 3487 830 3544 cadere.
854 3485 1016 3541 Cadit
1043 3497 1221 3539 tamen
1249 3502 1322 3538 ex
1345 3482 1597 3536 doctrina

611 3570 914 3625 stoicorum
929 3605 946 3632 ‚
967 3581 1032 3621 ut
1045 3579 1196 3639 patet
1209 3582 1280 3617 ex
1295 3563 1599 3617 innumeris

612 3664 865 3709 veterum
889 3649 1044 3702 locis.
1065 3647 1296 3719 Epictet.
1315 3641 1597 3697 Enchirid.

610 3736 644 3793 ἡ
664 3734 918 3805 φιλοσοφία.
935 3730 1102 3803 φησὶν,
1126 3729 1202 3781 ὅτι
1225 3723 1341 3779 οὐδὲ
1358 3728 1443 3779 τὸν
1464 3721 1595 3777 δάκ-

613 3822 756 3869 τυλον
792 3813 1018 3867 lurcium
1054 3810 1160 3865 εἰκῆ
1187 3807 1441 3880 προσήκει.
1461 3805 1595 3859 vid.

583 3911 587 3915 ·
614 3894 826 3949 Arrian-
845 3894 936 3946 lib.
959 3892 1020 3943 11
1038 3927 1056 3956 ‚
1077 3908 1194 3961 cap.
1217 3908 1242 3942 1
1257 3907 1298 3941 1.
1318 3888 1590 3941 Clement.

616 3974 768 4029 Alex.
801 3972 1080 4045 Poedagog.
1107 3970 1208 4027 lib.
1234 3970 1292 4024 11
1311 4006 1329 4038 ,
1353 3987 1477 4041 cap.
1504 3986 1589 4025 ιο.
1624 3984 1629 3989 ·

1655 983 1772 1036 Cic.
1796 981 1885 1035 111
1899 1022 1916 1049 ‚
1941 981 2010 1036 de
2032 982 2153 1036 Fin.
2178 995 2231 1038 et
2249 985 2395 1037 alios.
2416 987 2476 1039 C.
2496 998 2553 1038 et
2572 987 2643 1038 A.

1730 1081 1850 1115 120.
1882 1069 1949 1114 Et
1971 1067 2099 1130 quid
2131 1077 2232 1116 tam
2254 1086 2467 1134 parvum
2496 1073 2647 1136 εστὶ]

1654 1143 1835 1208 Quid,
1865 1144 2083 1216 inquies
2100 1183 2117 1210 ‚
2142 1158 2261 1218 nm·
2285 1166 2523 1218 parvum
2564 1161 2649 1200 est
2724 1174 2729 1178 v

1657 1231 1820 1297 quam
1842 1243 2059 1280 exerere
2085 1225 2350 1298 digitum;
2376 1241 2429 1281 et
2456 1241 2651 1281 tamen

1653 1306 1938 1378 peccabis,
1966 1308 2069 1359 nisi
2106 1307 2317 1380 sapiens
2354 1309 2527 1362 fueris
2558 1309 2651 1362 di·

1651 1387 1833 1458 ‘gitum
1854 1387 2312 1441 exerenda—Sed
2331 1395 2471 1440 nullo
2500 1394 2654 1441 thure

1656 1471 1831 1518 litabis.
1851 1469 1965 1522 Nec
1985 1470 2137 1522 omni
2158 1471 2321 1523 thure
2334 1509 2349 1533 ,
2364 1471 2512 1524 votis
2534 1491 2660 1524 om-

1654 1549 1819 1601 nibus
1835 1568 1895 1602 ac
1910 1549 2185 1604 sacrificiis
2202 1551 2498 1622 impetrare
2516 1570 2657 1623 pos-

1656 1647 1766 1690 ses,
1798 1643 1863 1682 nt
1898 1631 2005 1682 hoc
2047 1630 2118 1684 sit
2154 1631 2342 1696 aliter,
2378 1643 2549 1703 atque
2588 1645 2657 1684 ut

1657 1710 1825 1765 stulto
1864 1711 2145 1782 contingat
2176 1711 2266 1764 vel
2305 1711 2665 1784 aliquantula

1659 1791 1885 1844 rationis
1914 1792 2418 1863 portio.—-Litabis.
2444 1795 2530 1846 De
2549 1793 2661 1846 hac

1658 1891 1793 1925 voce
1808 1911 1824 1936 ‚
1846 1871 1963 1926 vid.
1986 1885 2081 1926 sat.
2103 1873 2163 1925 II
2181 1911 2198 1937 ‚
2223 1893 2275 1925 v.
2303 1873 2409 1926 ult.
2436 1872 2659 1926 Forsan

1662 1966 1716 2007 et
1740 1952 1856 2005 haec
1873 1991 1891 2016 ‚
1916 1955 2005 2003 sed
2027 1956 2164 2004 nullo
2190 1955 2335 2005 thure
2360 1945 2557 2014 litabis,
2584 1966 2663 2006 ut

1661 2032 1783 2085 vult
1804 2033 2036 2084 Casaub.
2063 2030 2377 2103 accipienda
2400 2045 2537 2084 sunt
2557 2051 2662 2086 ve-

1659 2112 1766 2164 luti
1795 2118 1960 2183 poeta
1992 2112 2217 2166 dixisset
2249 2135 2263 2165 e
2298 2113 2453 2165 nulla
2486 2133 2665 2186 argu-

1662 2207 1977 2247 mentorum
2005 2196 2217 2248 ratione
2237 2195 2513 2248 obtinebis
2526 2234 2544 2262 ‚
2564 2199 2665 2248 οὐκ

1663 2275 1895 2336 (vix-riom
1923 2293 1937 2327 t
1977 2275 2299 2329 translatum
2332 2293 2363 2329 a
2396 2276 2577 2330 sacris.

1740 2372 1862 2407 121.
1892 2358 2099 2406 liar-eae
2123 2358 2173 2406 in
2207 2358 2391 2417 stultis,
2422 2356 2535 2427 eta]
2574 2357 2669 2410 Ut

1667 2436 1765 2507 qui
1788 2454 1899 2488 non
1924 2437 2065 2507 sapit
2094 2436 2320 2489 omnino
2338 2474 2354 2501 ‚
2382 2436 2471 2489 vel
2490 2438 2669 2489 mini-

1666 2535 1810 2569 mam
1820 2517 2014 2569 habeat
2028 2516 2303 2588 sapientia
2312 2516 2668 2589 particulam.

1668 2596 1807 2649 Nam
1824 2634 1841 2661 ‚
1871 2596 2027 2649 aiunt
2059 2596 2245 2662 stoici,
2269 2598 2399 2667 quia
2423 2597 2668 2650 virtutes

1670 2698 1727 2731 se
1764 2691 2206 2749 consequantur:
2244 2690 2307 2731 nt
2351 2678 2448 2750 qui
2487 2696 2669 2731 unam

1671 2758 1882 2820 habeat,
1896 2777 2085 2811 omnes
2102 2758 2304 2811 habere
2324 2758 2393 2810 sit
2412 2776 2667 2820 necesse3

1672 2854 1728 2892 et
1754 2852 1943 2891 contra
1961 2876 1979 2903 ,
2000 2838 2097 2911 qui
2116 2856 2226 2890 nna
2250 2850 2457 2903 careat,
2478 2840 2670 2890 omni-

1673 2922 1779 2974 bus
1792 2918 2068 2973 nudatum
2088 2937 2200 2973 esse
2216 2920 2520 2973 necessario
2535 2940 2550 2971 ε
2567 2922 2667 2981 τὰς

1674 3002 1852 3075 ἀρετὰς
1871 3004 2092 3073 λέγουσιν
2124 3000 2488 3053 ἀντακολουθεῖν
2511 3002 2669 3057 ἀλλη-

1671 3086 1783 3143 λαῖς
1800 3120 1814 3141 ,
1855 3083 1940 3137 καὶ
1980 3086 2062 3136 τὸν
2110 3082 2227 3153 μίαν
2272 3082 2451 3149 ἔχοντα
2484 3082 2670 3143 πάσας

1675 3164 1801 3231 ἔχειν
1829 3199 1845 3223 ,
1894 3153 1950 3215 et
1999 3162 2119 3215 vice
2172 3165 2341 3215 versa.
2392 3160 2579 3213 Laert·
2638 3179 2670 3213 a

1678 3241 1974 3314 Chrysipp.
2008 3238 2167 3293 Hinc
2193 3239 2446 3310 sequitur
2467 3274 2484 3302 ‚
2524 3238 2673 3291 nihil

1675 3320 1923 3375 medium
1961 3339 2073 3374 esse
2126 3321 2272 3373 inter
2304 3318 2579 3371 virtutem
2615 3330 2672 3373 et

1674 3403 1893 3456 vitium.
1928 3404 2232 3475 Diogenes:
2266 3402 2461 3472 ἀρέσκει
2492 3404 2669 3462 αὐτοῖς

1676 3481 1833 3555 μηδὲν
1845 3484 2031 3555 μεταξὺ
2042 3479 2107 3537 εἶν
2114 3490 2165 3536 αι
2180 3484 2357 3556 ἀρετῆς
2368 3481 2453 3533 καὶ
2466 3483 2587 3535 nani
2593 3502 2671 3543 ας.

1676 3566 1971 3615 -Βι-ενίε...
1984 3601 1995 3613 .
2016 3565 2279 3614 semuncia.
2302 3560 2474 3614 Curta
2496 3573 2554 3612 et
2574 3561 2667 3612 cui

1677 3643 1885 3716 aliquid
1907 3641 2081 3697 deest.
2111 3642 2178 3695 C.

1754 3744 1777 3779 1
1789 3746 1870 3778 υ.
1891 3730 2010 3776 Hoec
2030 3728 2229 3778 miscere
2246 3721 2425 3793 nefas]
2444 3720 2667 3775 Servire

1674 3804 1821 3861 vitiis
1850 3844 1868 3871 ,
1910 3804 2072 3857 simul
2110 3816 2167 3858 et
2205 3803 2375 3856 animi
2413 3802 2669 3856 libertate

1675 3887 1787 3940 frui
1812 3886 1963 3939 nefas
1988 3898 2088 3939 est.
2112 3882 2401 3957 sapientiae
2435 3896 2495 3935 et
2528 3884 2667 3936 stul·

1674 3968 1807 4026 titio
1836 3966 2174 4023 consortium
2202 3964 2423 4023 nullum
2446 3981 2461 4014 ε
2494 3963 2663 4019 stulte
