2775 4619
572 449 673 516 26.

982 453 991 468 ¹
1078 445 1157 510 A.
1216 444 1598 510 PERSII
1662 441 2054 508 FLACCI

658 571 939 666 Occipiti
974 551 1145 636 caeco
1162 617 1181 652 ,
1208 567 1476 657 posticae
1501 568 1828 640 occurrite,
1849 571 2102 634 sannae!

660 689 827 771 Quis
849 687 1079 776 populi
1104 707 1319 756 sermo
1354 684 1496 754 est?
1517 686 1683 768 Quis
1705 685 1928 754 enim?
1957 685 2088 756 nisi
2111 683 2399 754 carmina
2426 676 2620 752 molli

658 806 723 870 N
726 827 857 868 unc
884 801 1150 872 demum
1183 823 1462 885 nurnero
1492 801 1692 870 fluere
1713 851 1732 886 ,
1764 819 1841 868 ut
1865 826 1986 892 per
2009 804 2148 869 leve
2173 823 2428 868 severos

658 917 969 984 Effundat
992 919 1299 1005 junctura
1326 941 1596 1009 ungues
1637 919 1774 984 Scit
1808 917 2075 1019 tendere
2099 939 2395 997 versum,

2545 924 2618 978 65

656 1035 722 1102 N
724 1057 812 1098 on
848 1057 1031 1099 secus
1064 1057 1141 1099 ac
1174 1034 1232 1098 si
1267 1033 1463 1098 oculo
1497 1035 1832 1099 rubricam
1861 1033 2098 1122 dirigat
2123 1055 2260 1096 uno
2289 1056 2306 1096 ε

657 1149 807 1216 Sive
837 1172 1005 1239 opus
1040 1150 1111 1216 in
1146 1171 1397 1230 mores,
1421 1148 1494 1212 in
1525 1149 1792 1228 luxum,
1821 1147 1891 1212 in
1923 1146 2197 1236 prandia
2227 1169 2460 1237 regum
2477 1197 2501 1230 ,

658 1266 894 1332 Dicere
920 1288 1020 1334 res
1058 1264 1331 1358 grandes
1368 1281 1592 1332 nostro
1623 1264 1734 1329 dat
1759 1264 1949 1329 Musa
1982 1270 2208 1354 poetae.

565 1481 991 1546 sanguise—Quos
1010 1477 1178 1529 ‘nivere
1189 1478 1277 1544 jus
1295 1489 1376 1526 est.
1396 1475 1550 1539 Quos

569 1559 831 1614 natalium
848 1557 1123 1612 humilitas
1150 1575 1265 1610 non
1291 1555 1434 1626 cogit
1454 1574 1552 1628 spe

570 1639 727 1710 alicuj
734 1656 799 1690 us
816 1636 1088 1694 commodi
1106 1636 1343 1692 scribere
1361 1672 1378 1700 ‚
1401 1647 1455 1688 et
1471 1653 1553 1688 re-

570 1719 733 1772 citare
747 1756 762 1781 ,
785 1719 1099 1791 quibusque
1120 1717 1293 1772 oculis
1308 1729 1434 1788 post
1450 1728 1553 1772 ten·

568 1817 703 1870 gum
724 1817 837 1852 non
870 1816 1009 1870 opus
1042 1809 1157 1861 est,
1184 1809 1291 1851 etc.
1318 1795 1383 1848 C.
1412 1807 1467 1852 et
1487 1797 1550 1851 P.

644 1883 730 1934 62.
764 1879 1007 1950 occipiti]
1032 1878 1271 1950 occiput
1288 1916 1307 1942 ,
1326 1895 1453 1948 pars
1474 1897 1555 1932 ea-

570 1958 699 2030 pitis
749 1959 1021 2029 posterior
1036 1995 1053 2023 ‚
1080 1958 1223 2014 sicut
1270 1957 1513 2030 sinciput
1533 1997 1551 2024 ‚

569 2040 1104 2096 anterior.-Poseicae
1114 2041 1353 2092 occurrite
1365 2059 1553 2094 sanna.

568 2120 847 2174 Abstinete
864 2139 963 2175 vos
998 2139 1029 2172 a
1061 2119 1362 2179 scribendis
1399 2120 1554 2173 malis

570 2198 837 2262 versibus,
854 2211 1015 2270 atque
1030 2217 1097 2254 eo
1114 2197 1279 2254 modo
1291 2199 1554 2269 posticam

570 2277 903 2333 derisionem
916 2278 1236 2349 praevenite.
1246 2309 1321 2321 —-
1334 2281 1554 2333 Posticoe.

570 2377 698 2429 quae
724 2358 789 2414 fit
808 2371 954 2430 post.
970 2365 1251 2413 -Samzoe-
1270 2357 1408 2413 Vid.
1430 2360 1553 2413 Juv.

568 2450 671 2493 sat.
694 2440 810 2501 VI,
844 2458 897 2495 v.
928 2438 1055 2493 306.
1118 2472 1123 2482 -

643 2519 733 2573 63.
760 2522 877 2585 Quis
890 2521 1067 2587 populi
1080 2538 1238 2573 sermo
1262 2523 1403 2588 περ]
1429 2520 1556 2594 Hac

571 2599 801 2670 quaestio
844 2599 1041 2655 iterata
1084 2597 1291 2669 pendet
1339 2600 1408 2653 ab
1459 2600 1554 2653 illa

570 2698 735 2751 quam
760 2679 821 2733 in
844 2683 941 2736 ore
969 2678 1151 2733 divitis
1183 2680 1444 2752 poetastri
1467 2700 1552 2733 re-

568 2760 755 2831 posuit
772 2798 789 2823 ,
818 2780 877 2815 v..
910 2758 977 2815 55
996 2798 1016 2825 ,
1041 2780 1222 2815 venam
1256 2762 1379 2814 milti
1403 2763 1552 2811 dicito

568 2844 631 2893 de
644 2861 737 2895 me.
751 2841 857 2895 Pro
880 2858 941 2897 se
962 2847 1123 2913 poeta
1137 2843 1247 2913 jam
1264 2840 1552 2912 respondit

566 2922 653 2975 his
686 2922 866 2978 verbis
897 2941 910 2973 ε
944 2926 1027 2975 vis
1060 2925 1265 2975 dicam?
1296 2924 1547 2990 Nugaris,
1579 2951 1582 2954 ·

567 3016 662 3053 etc.
699 3002 863 3057 Dives
896 3014 1083 3073 urget,
1103 3002 1209 3055 hoc
1244 3002 1401 3055 loco:
1435 3005 1552 3067 Quis

500 3098 504 3103 ·
559 3084 739 3147 populi
746 3102 903 3135 sermo
920 3093 1097 3135 esest-
1108 3086 1226 3150 Quis
1239 3087 1405 3135 enim?
1423 3086 1521 3135 nisi
1531 3120 1548 3143 ,

568 3175 657 3211 etc.
672 3159 771 3212 His
792 3198 809 3224 ‚
828 3180 933 3231 pro
954 3162 1232 3215 adulatore
1251 3161 1550 3234 respondet

570 3253 755 3295 noster
786 3242 1033 3295 satiricus
1066 3261 1080 3293 z
1123 3242 1247 3313 quis
1276 3261 1392 3295 esse
1419 3261 1548 3313 pos-

568 3321 671 3385 sit3
698 3322 806 3375 nisi
840 3334 905 3374 ut
940 3322 1073 3381 urbs
1106 3323 1357 3376 universa
1394 3323 1548 3394 quasi

530 3420 533 3422 “
565 3399 920 3455 admiratione
936 3401 1139 3473 percita
1159 3415 1339 3455 cantet
1356 3402 1548 3457 laudes

566 3496 687 3537 tuas
714 3496 769 3537 et
796 3484 1062 3537 encomia.
1094 3482 1220 3537 Haec
1260 3498 1315 3538 et
1350 3486 1548 3538 similia

566 3582 751 3619 coram
788 3576 844 3617 te
888 3563 1133 3636 proferet
1169 3566 1461 3620 adulator:
1493 3578 1548 3619 at

566 3644 746 3707 euim,
780 3663 809 3697 a
844 3656 998 3715 tergo
1018 3684 1036 3711 ,
1070 3645 1305 3699 ridicule
1340 3646 1355 3697 Ξ
1395 3662 1550 3707 tunc,

564 3744 660 3779 vos
682 3762 701 3785 ,
740 3725 773 3777 6
803 3728 1037 3792 patricii,
1068 3728 1273 3793 postica
1312 3730 1552 3777 occurrite

565 3824 739 3855 sanna
756 3813 779 3855 I
806 3807 873 3857 A.

640 3888 729 3947 64.
760 3890 823 3936 Ue
829 3907 926 3953 per
944 3892 1044 3939 leve
1066 3888 1285 3957 severos]
1311 3887 1548 3939 Locutio

568 3963 635 4017 ab
670 3978 785 4017 arte
819 3967 1000 4021 fabrili
1041 3968 1295 4022 translata
1328 3986 1341 4018 z
1383 3986 1544 4031 nam,
1577 4016 1582 4021 .

570 4040 665 4115 qui
694 4050 960 4099 marmora
986 4058 1083 4098 aut
1114 4046 1255 4117 ligna
1284 4046 1542 4119 poliunt,

1633 1473 1812 1548 operis
1822 1474 2098 1528 levitatem
2111 1493 2298 1548 ungue
2308 1474 2619 1548 explorant3

1633 1555 1788 1630 quod
1823 1557 2046 1628 proprie
2083 1558 2360 1626 ἐξονυχίζειν
2397 1556 2615 1610 dicunt.

1632 1637 1720 1690 Sic
1750 1637 1864 1690 haec
1891 1637 2056 1690 verba
2093 1637 2295 1699 Persii,
2320 1640 2618 1710 περιίφρασε

1632 1713 1890 1770 Sidonius
1905 1714 2088 1788 Apoll.
2112 1715 2210 1768 lib.
2235 1716 2314 1768 lX
2329 1754 2346 1781 ‚
2370 1719 2530 1786 epist.
2549 1734 2581 1786 7
2603 1733 2618 1764 ε

1640 1801 1759 1846 Tota
1787 1798 2002 1862 denique
2027 1795 2314 1867 (loquitur
2345 1793 2416 1848 de
2439 1810 2620 1848 struc-

1637 1889 1761 1932 tura
1795 1877 2092 1948 orationis)
2117 1880 2310 1944 liquida
2332 1896 2539 1944 prorsus
2571 1889 2624 1927 ee

1632 1960 1851 2010 ductilis:
1864 1960 2026 2011 veluti
2035 1962 2145 2010 ct'tm
2161 1959 2468 2023 crystallinas
2486 1977 2620 2010 crus-

1634 2055 1709 2091 tas
1719 2078 1738 2100 ,
1762 2055 1855 2091 auc
1870 2039 2174 2106 onychitinas
2190 2059 2288 2089 non
2308 2041 2521 2106 impacto
2541 2041 2619 2089 di·

1629 2123 1761 2188 gitus
1791 2139 1954 2189 ungue
1977 2122 2260 2187 perlabitur
2283 2139 2302 2170 :
2338 2120 2520 2188 quippe
2534 2158 2553 2181 ,
2580 2121 2623 2170 si

1632 2202 1762 2250 nihil
1777 2220 1886 2251 eum
1911 2202 2098 2251 rimosis
2122 2202 2339 2251 obicibus
2359 2214 2621 2268 exceptum

1633 2294 1788 2334 tenax
1815 2281 2058 2348 fractura
2097 2295 2388 2335 remoretur.
2415 2312 2488 2321 -
2515 2281 2620 2331 Scit

1633 2364 1832 2411 tendere
1846 2380 2060 2411 versum.
2086 2378 2419 2433 componere
2437 2399 2456 2427 ‚
2482 2378 2616 2433 pro-

1633 2438 1856 2493 ducere.
1873 2440 1940 2493 C.

1707 2524 1797 2573 66.
1825 2526 1939 2571 Non
1959 2542 2092 2572 secus
2115 2542 2177 2573 ac
2201 2524 2246 2573 si
2256 2558 2274 2582 ,
2295 2522 2408 2593 eta]
2434 2522 2616 2576 Altera

1630 2601 1947 2673 metaphora
1977 2620 2007 2654 a
2045 2601 2244 2666 fabris3
2279 2602 2378 2673 qui
2413 2602 2616 2655 lineam

1633 2681 1860 2736 ducturi
1872 2696 2098 2744 rectam,
2113 2696 2166 2735 et
2177 2682 2320 2734 hanc
2333 2700 2430 2734 seu
2446 2687 2614 2747 creta,

1631 2777 1729 2811 seu
1779 2756 2002 2812 rubrica
2051 2758 2297 2811 notaturi
2321 2796 2336 2822 ‚
2377 2758 2616 2811 alterum

1631 2838 1899 2893 claudunt
1917 2826 2140 2892 oculum
2155 2877 2173 2901 ‚
2195 2858 2264 2891 ne
2284 2839 2423 2892 radii
2442 2840 2617 2893 visua-

1627 2921 1705 2974 les
1731 2920 2103 2974 distrahantur
2119 2959 2136 2986 ,
2161 2936 2216 2975 et
2243 2922 2518 2991 aberrent.
2550 2922 2610 2974 P.

1699 3007 1788 3075 67.
1838 3006 1943 3055 Sive
1977 3023 2096 3069 opus
2135 3006 2187 3053 in
2227 3004 2434 3073 ωσι-σω]
2487 3004 2614 3056 Sive

1627 3084 1906 3154 scripserit
1920 3084 1976 3135 in
1997 3103 2167 3133 mores.
2185 3082 2304 3135 Hoc
2320 3084 2517 3149 verbo,
2537 3084 2615 3135 in-

1627 3177 1895 3235 terpretes
1921 3163 2240 3216 comoediam
2259 3164 2580 3237 intelligunt
2594 3201 2612 3229 ,

1625 3246 1788 3297 sicuti
1826 3248 2000 3296 luxum
2041 3243 2313 3317 explicant
2353 3246 2574 3297 satiram
2595 3282 2614 3307 ‚

1629 3339 1686 3379 et
1739 3328 1962 3393 prandia
2013 3346 2184 3394 reg-am
2213 3364 2230 3386 ,
2271 3338 2352 3377 tra
2392 3324 2610 3379 mdiam.

1627 3438 1698 3447 —
1715 3412 1774 3457 ln
1797 3409 2022 3475 prandia
2062 3425 2248 3475 regum.
2283 3404 2348 3456 Al
2376 3404 2498 3458 udit
2541 3404 2612 3459 ad

1627 3487 1880 3559 Thyesta
1911 3506 2119 3540 coenam
2147 3487 2272 3539 satis
2305 3497 2514 3547 notam.
2545 3486 2609 3537 A.

1700 3569 1785 3621 68.
1805 3574 1892 3621 Res
1903 3568 2152 3639 grandes]
2178 3568 2254 3621 Ut
2273 3586 2440 3639 supra
2455 3588 2615 3637 gran·

1629 3652 1692 3700 de
1724 3651 1934 3715 aliquid.
1971 3648 2486 3705 Ironice.-··-Nostro
2529 3652 2619 3699 dat

1631 3733 1776 3779 Musa
1793 3734 1975 3795 poe'eae.
1999 3728 2144 3781 Sunt
2169 3727 2335 3780 verba
2363 3727 2616 3799 supposi-

1632 3807 1752 3862 titia
1791 3808 2019 3881 populi,
2057 3826 2188 3879 quo·
2222 3808 2414 3863 insano
2457 3804 2616 3864 diviti

1627 3889 1800 3943 refert
1823 3886 2418 3943 adulator.—-Nostro....
2435 3893 2613 3955 poe‘tae.

1628 3967 1870 4033 Quidam
1905 4006 1924 4033 ‚
1968 3968 2074 4021 hoc
2121 3967 2250 4023 loco
2275 4004 2298 4029 ,
2333 3967 2613 4021 Neronem

1625 4048 1774 4121 tangi
1793 4048 2008 4105 volunt.
2035 4048 2095 4099 A.
