2775 4619
838 415 1250 505 SA‘TIRA.
1297 437 1407 502 11.
1496 427 1502 432 ’

204 566 375 632 Auro
408 565 582 630 dona
608 563 843 644 feram,
870 562 1092 645 sudes·;
1118 575 1181 628 et
1198 611 1217 642 ,
1250 578 1509 650 pectore
1536 560 1694 626 laevo
1713 608 1732 641 ‚
1755 589 1774 628 (

2055 433 2136 525 57

205 681 505 744 Excutias
534 694 741 769 guttas
762 726 781 759 ‚
809 679 1010 742 laetari
1040 675 1504 767 praetrepidum
1533 699 1667 742 cor.

208 794 370 858 Hinc
398 794 569 858 illud
596 792 799 858 subiit
816 841 833 873 ,
860 779 1022 857 auro
1056 813 1257 856 sacras
1289 789 1470 879 quod
1497 806 1688 854 ovato
2069 795 2136 851 55

134 996 266 1030 error
302 997 364 1032 ex
404 997 469 1030 eo
508 977 869 1050 proficiscitur
885 1015 901 1041 ‚
934 975 1082 1048 quod

135 1058 257 1110 Deos
274 1058 469 1112 similes
492 1059 592 1111 tibi
616 1072 804 1129 putaS,
828 1058 1084 1131 quodque

135 1135 224 1188 illis
260 1137 480 1190 affectus
524 1139 795 1190 humanos
845 1137 1079 1190 tribuis:

136 1229 275 1279 nam,
303 1218 345 1268 si
375 1233 629 1289 argentea
664 1230 718 1276 et
747 1236 906 1270 aurea
942 1217 1084 1273 dona

136 1295 220 1346 tibi
248 1297 403 1350 feram
422 1336 438 1362 ‚
463 1297 623 1350 sudes
647 1336 664 1363 ,
699 1309 800 1350 etc.
829 1297 959 1351 inde
984 1318 1086 1372 pu-

140 1383 205 1424 tas
234 1376 363 1428 Deos
395 1377 501 1429 tuis
535 1376 694 1430 donis
726 1378 929 1448 pariter
955 1397 1085 1449 gau·

141 1450 269 1506 dere.
304 1458 365 1508 A.
386 1463 666 1509 -Incuscu
706 1458 885 1510 Aliave
922 1477 1085 1530 opera

144 1551 253 1586 auro
281 1537 465 1608 pingui
504 1539 819 1590 incrustata.
852 1543 1086 1591 lucader-e

143 1617 343 1669 verbum
381 1624 467 1681 τῆς
504 1625 778 1690 repentine-72<
800 1657 813 1677 ,
842 1640 943 1692 pro
981 1623 1084 1674 im-

143 1695 349 1762 primere
370 1697 627 1752 cudendo
643 1737 659 1763 ‚
684 1699 881 1752 Graecis
913 1703 1085 1772 ἐμπεί-

147 1791 221 1857 ρειῖ
255 1789 303 1828 et
331 1779 553 1848 ἐμπαίειν
572 1817 588 1843 ‚
620 1777 772 1850 quod
812 1781 974 1851 plane
1008 1794 1089 1834 est

148 1854 377 1905 incudere:
406 1857 561 1912 unde
597 1861 867 1929 ἐρππιςικῆ
905 1864 1051 1929 τέχνη
1070 1900 1086 1928 ,

150 1942 248 1996 quae
266 1935 508 2002 operibus
534 1938 799 2008 argenteis
826 1939 971 2010 signa
993 1952 1087 1992 au·

148 2021 219 2060 rea
240 2011 581 2083 imprimebat.
614 2019 800 2081 Senec.
830 2013 989 2089 ejiist.
1012 2021 1084 2074 V.

151 2089 240 2138 Non
280 2095 500 2148 habemus
542 2113 801 2166 argentum
816 2138 833 2159 ‚
865 2103 915 2151 in
956 2106 1093 2168 quod

149 2171 267 2220 solidi
286 2179 393 2226 auri
414 2182 653 2230 coelatura
680 2183 991 2232 descenderit.
1020 2183 1083 2235 C.

206 2251 281 2304 53.
320 2261 501 2328 Sudes.]
544 2261 754 2314 Laetitia
787 2279 801 2313 τ
843 2262 900 2315 in
940 2261 1090 2335 gravi

151 2331 270 2385 enim
306 2343 662 2395 commotione
713 2343 921 2410 animi,
967 2364 1088 2398 cor-

150 2415 273 2480 poris
312 2420 471 2473 sudor
518 2423 783 2494 sequitur.
804 2456 875 2465 -
892 2432 1090 2477 Pectore

151 2493 265 2581 lot-vo.
278 2496 542 2556 Excaecato
557 2523 670 2575 prae
687 2504 900 2557 avaritia
922 2518 976 2559 et
997 2524 1089 2558 cu-

152 2571 364 2639 piditate.
385 2581 536 2655 Virg.
563 2582 791 2636 Aeneid.
822 2584 878 2635 11
904 2606 917 2637 ε

156 2681 165 2691 ·
196 2684 207 2696 -
236 2687 245 2697 .
280 2690 290 2700 .
321 2658 365 2703 Si
385 2676 513 2707 mens
538 2663 767 2709 nonlaeva
788 2664 963 2710 fuisset.

154 2724 269 2782 Sunt
306 2737 395 2805 qui
433 2740 866 2811 interpretantur
893 2757 1091 2809 pectore

154 2808 283 2899 ²5⁹⁰,
317 2815 381 2868 de
417 2820 629 2873 sinistra
668 2834 852 2892 parte,
881 2823 938 2874 in
983 2842 1090 2895 qua

154 2901 293 2945 situm
318 2912 389 2951 est
408 2918 535 2969 cor;
559 2904 738 2955 minus
763 2903 922 2955 bene.
953 2905 1017 2954 A.

213 2970 288 3033 54.
330 2983 559 3033 Ετοιιτίαε
600 2984 805 3054 guttas]
852 2984 975 3037 Non
1022 3004 1091 3037 ex

154 3064 343 3142 Pe‘ftore
368 3060 497 3114 lavo
517 3103 535 3128 ‚
560 3076 621 3115 ut
655 3064 877 3135 quidam
909 3066 1091 3137 inepte

156 3143 260 3184 saus
278 3134 698 3213 interpretantur
719 3165 734 3211 ς
756 3146 851 3199 scd
874 3166 941 3200 cx
961 3165 1089 3199 ocu-

1159 977 1240 1030 lis.
1256 976 1470 1030 Scilicet
1485 1015 1503 1039 ‚
1520 979 1644 1029 cum
1665 985 1858 1047 pectus
1872 981 2030 1030 tuum
2044 975 2135 1028 lae-

1162 1077 1292 1111 vum
1309 1051 1636 1113 excaecatum
1655 1055 1724 1108 sit
1738 1093 1755 1120 ,
1777 1065 1830 1108 et
1843 1053 2142 1126 cupiditate

1161 1135 1478 1211 possidendi
1503 1175 1519 1202 ‚
1555 1149 1610 1189 et
1647 1137 1829 1190 laetitia
1867 1137 2144 1207 inexspec-

1162 1219 1256 1270 tati
1278 1217 1542 1280 muneris,
1555 1219 1774 1268 excutias
1790 1232 1954 1284 guttas
1965 1254 1980 1276 ,
1995 1217 2142 1268 elicis

1164 1300 1422 1371 lacrymas
1451 1317 1519 1350 ex
1550 1296 1721 1350 oculis
1756 1298 1864 1349 tuis
1883 1334 1898 1361 ‚
1930 1297 2139 1367 simpli-

1165 1376 1301 1428 citer
1325 1395 1339 1426 z
1366 1375 1676 1446 lacrymaris
1703 1389 1814 1444 prae
1833 1372 2053 1446 gaudio.
2071 1358 2142 1411 3-

1162 1459 1351 1506 Lcetari
1370 1458 1724 1522 praetrepidum
1760 1473 1864 1505 cor.
1895 1453 2144 1505 Usitatis·

1163 1534 1359 1587 simum
1378 1534 1517 1588 illud
1537 1553 1706 1605 genus
1724 1533 2016 1587 locutionis
2034 1533 2142 1583 his-

1165 1615 1347 1668 toricoe
1358 1611 1970 1684 perinfinitivum,quod
1981 1616 2146 1682 poc‘ta

1162 1697 1253 1748 hic
1271 1696 1654 1767 elegantissime
1678 1694 1978 1765 usurpavit.
2011 1694 2074 1743 A.

1237 1779 1323 1830 55.
1365 1781 1492 1828 Hinc
1524 1780 1650 1828 illud
1683 1778 1846 1827 subiit.
1866 1779 1886 1843 ]
1923 1773 1990 1826 Id
2029 1786 2108 1827 est
2123 1810 2143 1838 ,

1165 1857 1280 1906 Ιιίησ
1293 1891 1309 1915 ,
1331 1875 1396 1908 ex
1413 1873 1478 1907 eo
1497 1854 1648 1927 quod
1665 1857 1804 1907 Deos
1824 1853 2144 1906 aestimamus

1168 1937 1313 1989 vitiis
1332 1937 1530 1989 nostris
1547 1974 1564 1999 ‚
1585 1939 1710 1988 illud
1721 1938 1893 1993 subiit,
1913 1933 2064 1984 venit
2081 1932 2142 1983 in

1168 2032 1403 2070 mentem
1420 2036 1612 2070 eorum
1631 2029 1828 2068 statuas
1849 2031 1981 2066 auro
1993 2025 2048 2064 et
2061 2030 2143 2064 ar·-

1166 2112 1327 2169 gemo
1339 2097 1608 2151 decorare.
1621 2097 1723 2149 Sen
1730 2115 1806 2148 ec.
1817 2093 2143 2166 epist.CXV:

1167 2182 1557 2232 Admirationem
1596 2181 1734 2230 nobis
1759 2191 1990 2244 parentes
2027 2177 2145 2225 auri

1168 2263 1460 2331 argentique
1476 2262 1714 2329 ficerunt
1729 2277 1748 2311 :
1779 2273 1832 2309 et
1865 2259 2040 2309 ceneris
2066 2259 2140 2306 in·

1151 2345 1279 2411 ficsa
1306 2346 1546 2411 cupiditas
1576 2345 1723 2394 altius
1754 2344 1878 2392 sedit
1903 2342 2146 2406 crevitque

1168 2428 1434 2475 nobiscum.
1465 2426 1654 2475 Deinde
1681 2437 1805 2474 totus
1826 2426 2036 2489 populus
2049 2458 2064 2480 ,
2091 2422 2141 2471 in

1167 2508 1267 2557 alio
1305 2508 1515 2564 discors,
1547 2507 1598 2555 in
1637 2505 1728 2553 hoc
1766 2505 2018 2554 convenit:
2052 2502 2144 2549 hoc

1166 2589 1455 2653 suspiciunt,
1476 2587 1568 2635 Ῐιοι·
1583 2588 1680 2634 suis
1701 2597 1902 2650 optant,
1929 2585 2022 2631 hoc
2041 2582 2144 2631 Diis

1084 2669 1089 2677 '
1166 2670 1311 2716 velut
1321 2685 1483 2715 rerum
1501 2668 1828 2714 humanarum
1845 2664 2114 2712 maximum
2125 2698 2142 2719 ,

1167 2750 1275 2794 ciem
1286 2748 1426 2811 grati
1433 2747 1602 2795 videri
1614 2746 1798 2794 volunt
1808 2780 1823 2801 ,
1843 2754 2143 2792 consecrant.

1167 2856 1238 2866 —-
1252 2832 1404 2875 Auro.
1419 2862 1432 2875 .
1448 2863 1459 2875 .
1475 2863 1487 2875 .
1505 2840 1663 2875 ovato.
1691 2824 1840 2874 Auro
1860 2838 1931 2871 ex
1952 2837 2142 2871 manu-

1166 2906 1271 2957 biis
1302 2907 1542 2957 hostium
1582 2904 1640 2955 in
1678 2899 2008 2973 Capitolium
2045 2916 2146 2968 per

1170 2986 1478 3038 ovationem
1500 2984 1666 3035 illato.
1689 2980 1853 3052 Apud
1874 2980 2144 3032 Romanos

1169 3066 1227 3117 in
1270 3084 1421 3115 more
1465 3063 1705 3133 positum
1752 3073 1898 3125 erat,
1937 3071 2000 3112 ut
2035 3060 2142 3113 viri

1172 3144 1525 3216 triumphales
1555 3163 1619 3197 ex
1647 3142 1942 3195 manubiali
1971 3161 2141 3213 pecu-

156 3322 365 3365 crateras:
381 3331 621 3384 attamen,
644 3324 927 3375 Casauboni
948 3327 1283 3375 emendationi
1301 3326 1584 3383 arrisimus,
1605 3343 1664 3374 eo
1681 3324 1950 3385 libentius,
1971 3326 2109 3389 quod
2126 3361 2142 3386 ‚

156 3382 237 3435 ¹¹⁰0
251 3390 377 3457 1000,
401 3417 503 3449 non
532 3403 594 3451 de
615 3405 825 3452 vasculis
853 3414 1045 3453 tantum
1072 3407 1256 3470 agitur,
1277 3406 1363 3453 sed
1385 3406 1446 3453 de
1469 3405 1637 3472 cupis,
1657 3406 1832 3465 labris,
1851 3422 1962 3470 quae
1985 3406 2144 3451 Varro

158 3478 277 3517 vocat
300 3490 531 3530 crater-ras
547 3517 563 3539 ,
590 3485 755 3531 nostri
770 3519 783 3543 ,
804 3501 937 3532 caves
954 3520 967 3539 ,
991 3485 1203 3547 baquecs.
1228 3485 1503 3533 Vasculum
1533 3486 1666 3534 enim
1691 3496 1976 3549 argenteum
1999 3484 2142 3547 parvi

157 3556 218 3632 ⁶⁸}
247 3556 381 3613 Pretii
424 3559 735 3611 hominibus
750 3562 853 3627 jam
898 3564 1137 3612 divitibus
1178 3574 1227 3612 et
1264 3564 1628 3629 cupidissimis;
1662 3576 1712 3611 at
1744 3562 1880 3611 labra
1917 3572 2145 3627 argentea

156 3622 274 3674 ahter
296 3637 422 3698 apud
451 3656 537 3689 eos
564 3654 761 3690 sonant.
789 3646 918 3708 Ergo
940 3661 951 3689 :
983 3643 1027 3690 si
1057 3643 1147 3691 tibi
1172 3656 1416 3691 craeerras
1441 3644 1638 3709 argenti
1649 3642 1816 3707 feram
1837 3660 1858 3699 ;
1884 3642 1996 3706 sije
2020 3657 2146 3687 vous

157 3712 373 3766 apportat}
396 3718 475 3766 des
500 3738 635 3770 caves
647 3757 664 3779 ,
690 3722 770 3769 des
794 3722 994 3786 baquets
1012 3723 1239 3787 d'argenc
1250 3758 1267 3780 ‚
1292 3734 1380 3771 etc.
1405 3728 1456 3771 F.
1483 3726 1545 3772 D.

213 3812 267 3859 V·
288 3817 361 3874 54-
383 3824 732 3892 Praetrepidum
760 3846 858 3876 cor.
881 3828 1090 3878 Codices
1116 3830 1383 3890 nonnulli,
1411 3840 1460 3878 et
1484 3840 1656 3879 noster
1683 3829 1794 3895 eqd.
1812 3825 2146 3891 per-trepidum

160 3902 529 3977 “fr-ftLoetari.
574 3911 759 3957 Omnes
790 3910 941 3958 codd.
983 3909 1172 3960 hahent
1209 3903 1400 3969 latai-i,
1432 3926 1541 3959 non
1575 3912 1780 3959 laeeetur.
1809 3908 2038 3957 vividior
2071 3910 2163 3955 est'

161 3966 290 4022 dictio
307 3978 534 4038 historica
554 3989 728 4040 laetari.
755 3990 1065 4041 subauditur
1084 3990 1265 4057 incipit.
1290 3992 1413 4042 Cocl.
1433 3992 1742 4041 Mazarineus
1769 4000 1932 4059 tamen
1948 4025 1962 4051 ‚
1979 3990 2006 4038 3
2019 4007 2038 4039 ι
2055 4007 2114 4039 ιο
2131 4025 2158 4050 ,,

160 4045 345 4121 Ιιεεαεηζ,

2232 446 2250 472 Χ
