<?xml version="1.0" encoding="UTF-8"?>
<!DOCTYPE html PUBLIC "-//W3C//DTD XHTML 1.0 Transitional//EN"
    "http://www.w3.org/TR/xhtml1/DTD/xhtml1-transitional.dtd">
<html xmlns="http://www.w3.org/1999/xhtml" xml:lang="en" lang="en">
 <head>
  <title>
</title>
<meta http-equiv="Content-Type" content="text/html;charset=utf-8" />
  <meta name='ocr-system' content='tesseract 3.04.00' />
  <meta name='ocr-capabilities' content='ocr_page ocr_carea ocr_par ocr_line ocrx_word'/>
</head>
<body>
  <div class='ocr_page' id='page_1' title='image "aulipersiiflacc00achagoog_0320.png"; bbox 0 0 2775 4619; ppageno 0'>
   <div class='ocr_carea' id='block_1_1' title="bbox 494 381 629 468">
    <p class='ocr_par' dir='ltr' id='par_1_1' title="bbox 494 381 629 468">
     <span class='ocr_line' id='line_1_1' title="bbox 494 381 629 468; baseline -0.007 0"><span class='ocrx_word' id='word_1_1' title='bbox 494 381 629 468; x_wconf 69' lang='lat'><strong>226</strong></span> 
     </span>
    </p>
   </div>
   <div class='ocr_carea' id='block_1_2' title="bbox 880 374 2124 445">
    <p class='ocr_par' dir='ltr' id='par_1_2' title="bbox 880 374 2124 445">
     <span class='ocr_line' id='line_1_2' title="bbox 880 374 2124 445; baseline 0.002 -4"><span class='ocrx_word' id='word_1_2' title='bbox 880 379 957 441; x_wconf 87' lang='lat' dir='ltr'><strong>C.</strong></span> <span class='ocrx_word' id='word_1_3' title='bbox 998 374 1418 445; x_wconf 80' lang='lat' dir='ltr'>LUCILII</span> <span class='ocrx_word' id='word_1_4' title='bbox 1481 376 2124 444; x_wconf 74' lang='lat' dir='ltr'><strong>FRAGMENTA</strong></span> 
     </span>
    </p>
   </div>
   <div class='ocr_carea' id='block_1_3' title="bbox 570 505 1916 676">
    <p class='ocr_par' dir='ltr' id='par_1_3' title="bbox 570 505 1916 676">
     <span class='ocr_line' id='line_1_3' title="bbox 1420 505 1590 561; baseline -0.012 -1"><span class='ocrx_word' id='word_1_5' title='bbox 1420 505 1474 560; x_wconf 86' lang='lat' dir='ltr'><strong>V</strong></span> <span class='ocrx_word' id='word_1_6' title='bbox 1492 505 1521 560; x_wconf 92' lang='lat'>1</span> <span class='ocrx_word' id='word_1_7' title='bbox 1543 506 1590 561; x_wconf 99' lang='grc' dir='ltr'><strong>Ι.</strong></span> 
     </span>
     <span class='ocr_line' id='line_1_4' title="bbox 570 598 1916 676; baseline -0.002 -16"><span class='ocrx_word' id='word_1_8' title='bbox 570 600 740 660; x_wconf 76' lang='lat' dir='ltr'><strong>Adde</strong></span> <span class='ocrx_word' id='word_1_9' title='bbox 765 600 909 657; x_wconf 86' lang='lat' dir='ltr'><strong>istos</strong></span> <span class='ocrx_word' id='word_1_10' title='bbox 933 619 1093 658; x_wconf 85' lang='lat' dir='ltr'><strong>sacer</strong></span> <span class='ocrx_word' id='word_1_11' title='bbox 1118 599 1287 657; x_wconf 86' lang='lat' dir='ltr'><strong>illoto</strong></span> <span class='ocrx_word' id='word_1_12' title='bbox 1310 598 1471 657; x_wconf 88' lang='lat' dir='ltr'><strong>colfo</strong></span> <span class='ocrx_word' id='word_1_13' title='bbox 1498 600 1596 657; x_wconf 83' lang='lat' dir='ltr'><strong>fax</strong></span> <span class='ocrx_word' id='word_1_14' title='bbox 1619 598 1916 676; x_wconf 81' lang='lat' dir='ltr'><strong>syrofenix</strong></span> 
     </span>
    </p>
   </div>
   <div class='ocr_carea' id='block_1_4' title="bbox 567 697 1343 771">
    <p class='ocr_par' dir='ltr' id='par_1_4' title="bbox 567 697 1343 771">
     <span class='ocr_line' id='line_1_5' title="bbox 567 697 1343 771; baseline -0.003 -16"><span class='ocrx_word' id='word_1_15' title='bbox 567 697 731 771; x_wconf 84' lang='lat' dir='ltr'>Quid</span> <span class='ocrx_word' id='word_1_16' title='bbox 759 698 953 755; x_wconf 81' lang='lat' dir='ltr'><strong>facere</strong></span> <span class='ocrx_word' id='word_1_17' title='bbox 980 708 1069 755; x_wconf 88' lang='lat' dir='ltr'><strong>est</strong></span> <span class='ocrx_word' id='word_1_18' title='bbox 1094 698 1343 756; x_wconf 75' lang='lat' dir='ltr'><strong>solitus?</strong></span> 
     </span>
    </p>
   </div>
   <div class='ocr_carea' id='block_1_5' title="bbox 1392 778 1617 833">
    <p class='ocr_par' dir='ltr' id='par_1_5' title="bbox 1392 778 1617 833">
     <span class='ocr_line' id='line_1_6' title="bbox 1392 778 1617 833; baseline -0.004 0"><span class='ocrx_word' id='word_1_19' title='bbox 1392 778 1617 833; x_wconf 87' lang='lat' dir='ltr'>VIII.</span> 
     </span>
    </p>
   </div>
   <div class='ocr_carea' id='block_1_6' title="bbox 444 872 2515 2564">
    <p class='ocr_par' dir='ltr' id='par_1_6' title="bbox 444 872 2515 2564">
     <span class='ocr_line' id='line_1_7' title="bbox 542 872 2246 953; baseline -0.002 -16"><span class='ocrx_word' id='word_1_20' title='bbox 542 918 872 937; x_wconf 91' lang='grc'><strong>.........</strong></span> <span class='ocrx_word' id='word_1_21' title='bbox 898 877 1035 934; x_wconf 86' lang='lat' dir='ltr'><strong>Non</strong></span> <span class='ocrx_word' id='word_1_22' title='bbox 1062 872 1390 953; x_wconf 85' lang='lat' dir='ltr'><strong>ergastulus</strong></span> <span class='ocrx_word' id='word_1_23' title='bbox 1423 893 1579 931; x_wconf 86' lang='lat' dir='ltr'><strong>unus</strong></span> <span class='ocrx_word' id='word_1_24' title='bbox 1598 916 1616 944; x_wconf 90' lang='lat'>‚</span> <span class='ocrx_word' id='word_1_25' title='bbox 1650 886 1711 933; x_wconf 86' lang='lat' dir='ltr'><strong>et</strong></span> <span class='ocrx_word' id='word_1_26' title='bbox 1735 873 1886 931; x_wconf 86' lang='lat' dir='ltr'><strong>alius</strong></span> <span class='ocrx_word' id='word_1_27' title='bbox 1904 872 2171 948; x_wconf 84' lang='lat' dir='ltr'><strong>judicem</strong></span> <span class='ocrx_word' id='word_1_28' title='bbox 2239 892 2246 901; x_wconf 88' lang='lat'><strong>·</strong></span> 
     </span>
     <span class='ocr_line' id='line_1_8' title="bbox 564 972 895 1053; baseline -0.012 -20"><span class='ocrx_word' id='word_1_29' title='bbox 564 972 895 1053; x_wconf 86' lang='lat' dir='ltr'><strong>Opposivit.</strong></span> 
     </span>
     <span class='ocr_line' id='line_1_9' title="bbox 765 1050 2464 1143; baseline -0.001 -34"><span class='ocrx_word' id='word_1_30' title='bbox 765 1132 772 1139; x_wconf 91' lang='lat'><strong>.</strong></span> <span class='ocrx_word' id='word_1_31' title='bbox 1439 1050 1470 1108; x_wconf 91' lang='lat'>1</span> <span class='ocrx_word' id='word_1_32' title='bbox 1489 1052 1564 1109; x_wconf 89' lang='lat' dir='ltr'><strong>X.</strong></span> <span class='ocrx_word' id='word_1_33' title='bbox 2459 1138 2464 1143; x_wconf 21' lang='grc' dir='ltr'>ι</span> 
     </span>
     <span class='ocr_line' id='line_1_10' title="bbox 562 1146 2515 1227; baseline -0.002 -14"><span class='ocrx_word' id='word_1_34' title='bbox 562 1155 646 1213; x_wconf 87' lang='lat' dir='ltr'><strong>Ut</strong></span> <span class='ocrx_word' id='word_1_35' title='bbox 668 1169 841 1209; x_wconf 88' lang='lat' dir='ltr'><strong>nemo</strong></span> <span class='ocrx_word' id='word_1_36' title='bbox 866 1147 1212 1208; x_wconf 87' lang='lat' dir='ltr'><strong>sententiam</strong></span> <span class='ocrx_word' id='word_1_37' title='bbox 1230 1147 1443 1219; x_wconf 86' lang='lat' dir='ltr'><strong>libere,</strong></span> <span class='ocrx_word' id='word_1_38' title='bbox 1465 1146 1634 1225; x_wconf 81' lang='lat' dir='ltr'>quasi</span> <span class='ocrx_word' id='word_1_39' title='bbox 1661 1148 1986 1227; x_wconf 84' lang='lat' dir='ltr'><strong>ergastulns</strong></span> <span class='ocrx_word' id='word_1_40' title='bbox 1999 1192 2017 1221; x_wconf 86' lang='lat'>‚</span> <span class='ocrx_word' id='word_1_41' title='bbox 2041 1150 2227 1227; x_wconf 82' lang='lat' dir='ltr'><strong>possit</strong></span> <span class='ocrx_word' id='word_1_42' title='bbox 2247 1148 2466 1209; x_wconf 77' lang='lat' dir='ltr'>dicere.</span> <span class='ocrx_word' id='word_1_43' title='bbox 2506 1215 2515 1225; x_wconf 57' lang='lat'>‚</span> 
     </span>
     <span class='ocr_line' id='line_1_11' title="bbox 1386 1248 1530 1303; baseline -0.014 0"><span class='ocrx_word' id='word_1_44' title='bbox 1386 1261 1392 1267; x_wconf 87' lang='lat'>·</span> <span class='ocrx_word' id='word_1_45' title='bbox 1452 1248 1530 1303; x_wconf 91' lang='lat' dir='ltr'><strong>X.</strong></span> 
     </span>
     <span class='ocr_line' id='line_1_12' title="bbox 572 1340 2071 1419; baseline -0.001 -17"><span class='ocrx_word' id='word_1_46' title='bbox 572 1385 1185 1403; x_wconf 86' lang='grc'><strong>................</strong></span> <span class='ocrx_word' id='word_1_47' title='bbox 1204 1354 1226 1398; x_wconf 81' lang='grc'><strong>·.</strong></span> <span class='ocrx_word' id='word_1_48' title='bbox 1251 1384 1265 1398; x_wconf 95' lang='grc'><strong>.</strong></span> <span class='ocrx_word' id='word_1_49' title='bbox 1292 1386 1305 1397; x_wconf 95' lang='grc'><strong>.</strong></span> <span class='ocrx_word' id='word_1_50' title='bbox 1333 1386 1345 1398; x_wconf 93' lang='grc'><strong>.</strong></span> <span class='ocrx_word' id='word_1_51' title='bbox 1372 1384 1386 1399; x_wconf 93' lang='grc'><strong>.</strong></span> <span class='ocrx_word' id='word_1_52' title='bbox 1421 1344 1584 1399; x_wconf 87' lang='lat' dir='ltr'><strong>Dum</strong></span> <span class='ocrx_word' id='word_1_53' title='bbox 1606 1340 1776 1399; x_wconf 85' lang='lat' dir='ltr'><strong>miles</strong></span> <span class='ocrx_word' id='word_1_54' title='bbox 1799 1342 2071 1419; x_wconf 79' lang='lat' dir='ltr'><strong>Hyberns</strong></span> 
     </span>
     <span class='ocr_line' id='line_1_13' title="bbox 444 1416 1984 1516; baseline -0.004 -13"><span class='ocrx_word' id='word_1_55' title='bbox 444 1416 466 1449; x_wconf 54' lang='lat' dir='ltr'><em>l</em></span> <span class='ocrx_word' id='word_1_56' title='bbox 547 1426 770 1503; x_wconf 64' lang='lat' dir='ltr'><strong>‘Terras</strong></span> <span class='ocrx_word' id='word_1_57' title='bbox 789 1484 807 1513; x_wconf 85' lang='lat'>‚</span> <span class='ocrx_word' id='word_1_58' title='bbox 838 1461 906 1499; x_wconf 83' lang='lat' dir='ltr'><strong>ac</strong></span> <span class='ocrx_word' id='word_1_59' title='bbox 933 1452 1119 1499; x_wconf 87' lang='lat' dir='ltr'><strong>meret</strong></span> <span class='ocrx_word' id='word_1_60' title='bbox 1146 1452 1235 1498; x_wconf 87' lang='lat' dir='ltr'><strong>ter</strong></span> <span class='ocrx_word' id='word_1_61' title='bbox 1267 1458 1369 1497; x_wconf 87' lang='lat' dir='ltr'><strong>sex</strong></span> <span class='ocrx_word' id='word_1_62' title='bbox 1397 1451 1564 1497; x_wconf 85' lang='lat' dir='ltr'><strong>aetate</strong></span> <span class='ocrx_word' id='word_1_63' title='bbox 1590 1438 1758 1516; x_wconf 83' lang='lat' dir='ltr'><strong>quasi</strong></span> <span class='ocrx_word' id='word_1_64' title='bbox 1783 1458 1984 1497; x_wconf 85' lang='lat' dir='ltr'><strong>annos.</strong></span> 
     </span>
     <span class='ocr_line' id='line_1_14' title="bbox 1435 1538 2108 1594; baseline 0 -1"><span class='ocrx_word' id='word_1_65' title='bbox 1435 1538 1495 1593; x_wconf 88' lang='lat' dir='ltr'>X</span> <span class='ocrx_word' id='word_1_66' title='bbox 1513 1539 1560 1594; x_wconf 91' lang='grc' dir='ltr'><strong>Ι.</strong></span> <span class='ocrx_word' id='word_1_67' title='bbox 2099 1587 2108 1593; x_wconf 82' lang='grc'>,</span> 
     </span>
     <span class='ocr_line' id='line_1_15' title="bbox 556 1597 2382 1713; baseline -0.002 -19"><span class='ocrx_word' id='word_1_68' title='bbox 556 1637 643 1694; x_wconf 85' lang='lat' dir='ltr'><strong>Te</strong></span> <span class='ocrx_word' id='word_1_69' title='bbox 671 1634 933 1713; x_wconf 85' lang='lat' dir='ltr'><strong>primum</strong></span> <span class='ocrx_word' id='word_1_70' title='bbox 959 1652 1099 1691; x_wconf 87' lang='lat' dir='ltr'><strong>cum</strong></span> <span class='ocrx_word' id='word_1_71' title='bbox 1124 1632 1249 1691; x_wconf 79' lang='lat' dir='ltr'><strong>istis</strong></span> <span class='ocrx_word' id='word_1_72' title='bbox 1276 1631 1549 1689; x_wconf 85' lang='lat' dir='ltr'><strong>insanum</strong></span> <span class='ocrx_word' id='word_1_73' title='bbox 1579 1632 1883 1691; x_wconf 85' lang='lat' dir='ltr'><strong>hominem</strong></span> <span class='ocrx_word' id='word_1_74' title='bbox 1900 1597 1966 1690; x_wconf 85' lang='lat' dir='ltr'><strong>et</strong></span> <span class='ocrx_word' id='word_1_75' title='bbox 1987 1631 2382 1693; x_wconf 82' lang='lat' dir='ltr'><strong>cerebrosum.</strong></span> 
     </span>
     <span class='ocr_line' id='line_1_16' title="bbox 1408 1730 1584 1786; baseline -0.006 0"><span class='ocrx_word' id='word_1_76' title='bbox 1408 1732 1468 1786; x_wconf 89' lang='lat' dir='ltr'>X</span> <span class='ocrx_word' id='word_1_77' title='bbox 1488 1730 1516 1785; x_wconf 90' lang='lat'>1</span> <span class='ocrx_word' id='word_1_78' title='bbox 1535 1730 1584 1785; x_wconf 91' lang='grc' dir='ltr'><strong>Ι.</strong></span> 
     </span>
     <span class='ocr_line' id='line_1_17' title="bbox 556 1826 2153 1907; baseline -0.003 -18"><span class='ocrx_word' id='word_1_79' title='bbox 556 1828 681 1889; x_wconf 85' lang='lat' dir='ltr'><strong>Scit</strong></span> <span class='ocrx_word' id='word_1_80' title='bbox 705 1827 978 1907; x_wconf 67' lang='lat' dir='ltr'><strong>poeticon</strong></span> <span class='ocrx_word' id='word_1_81' title='bbox 1006 1844 1129 1885; x_wconf 84' lang='lat' dir='ltr'><strong>esse</strong></span> <span class='ocrx_word' id='word_1_82' title='bbox 1142 1872 1159 1900; x_wconf 91' lang='lat'>‚</span> <span class='ocrx_word' id='word_1_83' title='bbox 1182 1827 1344 1885; x_wconf 85' lang='lat' dir='ltr'><strong>videt</strong></span> <span class='ocrx_word' id='word_1_84' title='bbox 1368 1826 1568 1884; x_wconf 86' lang='lat' dir='ltr'><strong>tunica</strong></span> <span class='ocrx_word' id='word_1_85' title='bbox 1587 1868 1604 1897; x_wconf 90' lang='lat'>,</span> <span class='ocrx_word' id='word_1_86' title='bbox 1633 1838 1692 1884; x_wconf 88' lang='lat' dir='ltr'><strong>et</strong></span> <span class='ocrx_word' id='word_1_87' title='bbox 1721 1838 1856 1907; x_wconf 81' lang='lat' dir='ltr'><strong>toga</strong></span> <span class='ocrx_word' id='word_1_88' title='bbox 1888 1827 2036 1905; x_wconf 84' lang='lat' dir='ltr'><strong>quid</strong></span> <span class='ocrx_word' id='word_1_89' title='bbox 2061 1829 2153 1887; x_wconf 88' lang='lat' dir='ltr'><strong>sit.</strong></span> 
     </span>
     <span class='ocr_line' id='line_1_18' title="bbox 1374 1925 1833 1989; baseline -0.011 -8"><span class='ocrx_word' id='word_1_90' title='bbox 1374 1926 1434 1981; x_wconf 91' lang='lat' dir='ltr'>X</span> <span class='ocrx_word' id='word_1_91' title='bbox 1453 1926 1482 1979; x_wconf 91' lang='grc' dir='ltr'><strong>Ι</strong></span> <span class='ocrx_word' id='word_1_92' title='bbox 1502 1927 1530 1980; x_wconf 92' lang='lat'>1</span> <span class='ocrx_word' id='word_1_93' title='bbox 1551 1925 1598 1979; x_wconf 93' lang='grc' dir='ltr'><strong>Ι.</strong></span> <span class='ocrx_word' id='word_1_94' title='bbox 1829 1982 1833 1989; x_wconf 91' lang='lat'><strong>.</strong></span> 
     </span>
     <span class='ocr_line' id='line_1_19' title="bbox 552 1997 2152 2102; baseline -0.003 -19"><span class='ocrx_word' id='word_1_95' title='bbox 552 2021 819 2083; x_wconf 85' lang='lat' dir='ltr'><strong>Trulleu’</strong></span> <span class='ocrx_word' id='word_1_96' title='bbox 846 2021 1131 2102; x_wconf 87' lang='lat' dir='ltr'><strong>postomis</strong></span> <span class='ocrx_word' id='word_1_97' title='bbox 1152 1997 1293 2079; x_wconf 74' lang='lat' dir='ltr'><strong>liuic</strong></span> <span class='ocrx_word' id='word_1_98' title='bbox 1321 2021 1528 2097; x_wconf 87' lang='lat' dir='ltr'><strong>ingens</strong></span> <span class='ocrx_word' id='word_1_99' title='bbox 1553 2020 1629 2079; x_wconf 86' lang='lat' dir='ltr'><strong>de</strong></span> <span class='ocrx_word' id='word_1_100' title='bbox 1656 2020 1885 2079; x_wconf 75' lang='lat' dir='ltr'><strong>naribu’</strong></span> <span class='ocrx_word' id='word_1_101' title='bbox 1911 2020 2152 2099; x_wconf 84' lang='lat' dir='ltr'><strong>pendet.</strong></span> 
     </span>
     <span class='ocr_line' id='line_1_20' title="bbox 1401 2118 2018 2174; baseline -0.003 0"><span class='ocrx_word' id='word_1_102' title='bbox 1401 2121 1462 2174; x_wconf 98' lang='lat' dir='ltr'>X</span> <span class='ocrx_word' id='word_1_103' title='bbox 1483 2120 1512 2173; x_wconf 95' lang='grc' dir='ltr'>Ῑ</span> <span class='ocrx_word' id='word_1_104' title='bbox 1525 2118 1597 2173; x_wconf 81' lang='lat' dir='ltr'><strong>V.</strong></span> <span class='ocrx_word' id='word_1_105' title='bbox 2009 2124 2018 2131; x_wconf 92' lang='lat'>&#39;</span> 
     </span>
     <span class='ocr_line' id='line_1_21' title="bbox 548 2184 2252 2293; baseline -0.002 -17"><span class='ocrx_word' id='word_1_106' title='bbox 548 2184 1040 2277; x_wconf 70' lang='lat' dir='ltr'><strong>&#39;tintinnabulum</strong></span> <span class='ocrx_word' id='word_1_107' title='bbox 1066 2214 1229 2273; x_wconf 84' lang='lat' dir='ltr'><strong>abest</strong></span> <span class='ocrx_word' id='word_1_108' title='bbox 1252 2214 1424 2285; x_wconf 80' lang='lat' dir='ltr'><strong>hine,</strong></span> <span class='ocrx_word' id='word_1_109' title='bbox 1453 2212 1866 2293; x_wconf 78' lang='lat' dir='ltr'><strong>sirpiculaeqne</strong></span> <span class='ocrx_word' id='word_1_110' title='bbox 1887 2214 2252 2275; x_wconf 73' lang='lat' dir='ltr'><strong>holel-orum.</strong></span> 
     </span>
     <span class='ocr_line' id='line_1_22' title="bbox 986 2317 1562 2370; baseline -0.003 1"><span class='ocrx_word' id='word_1_111' title='bbox 986 2332 991 2336; x_wconf 88' lang='grc'><strong><em>·</em></strong></span> <span class='ocrx_word' id='word_1_112' title='bbox 1407 2317 1470 2370; x_wconf 88' lang='lat' dir='ltr'>X</span> <span class='ocrx_word' id='word_1_113' title='bbox 1489 2317 1562 2370; x_wconf 88' lang='lat' dir='ltr'><strong>V.</strong></span> 
     </span>
     <span class='ocr_line' id='line_1_23' title="bbox 548 2409 2158 2502; baseline -0.003 -30"><span class='ocrx_word' id='word_1_114' title='bbox 548 2412 801 2491; x_wconf 87' lang='lat' dir='ltr'><strong>Subjicit</strong></span> <span class='ocrx_word' id='word_1_115' title='bbox 823 2410 961 2482; x_wconf 76' lang='lat' dir='ltr'><strong>hinc</strong></span> <span class='ocrx_word' id='word_1_116' title='bbox 984 2410 1273 2502; x_wconf 80' lang='lat' dir='ltr'><strong>humilem</strong></span> <span class='ocrx_word' id='word_1_117' title='bbox 1289 2453 1307 2482; x_wconf 83' lang='lat'>‚</span> <span class='ocrx_word' id='word_1_118' title='bbox 1336 2422 1397 2467; x_wconf 88' lang='lat' dir='ltr'><strong>et</strong></span> <span class='ocrx_word' id='word_1_119' title='bbox 1419 2409 1731 2468; x_wconf 84' lang='lat' dir='ltr'><strong>sufferctus</strong></span> <span class='ocrx_word' id='word_1_120' title='bbox 1755 2411 2158 2490; x_wconf 79' lang='lat' dir='ltr'><strong>posteriorem.</strong></span> 
     </span>
     <span class='ocr_line' id='line_1_24' title="bbox 1381 2508 1580 2564; baseline 0 0"><span class='ocrx_word' id='word_1_121' title='bbox 1381 2508 1442 2564; x_wconf 89' lang='lat' dir='ltr'>X</span> <span class='ocrx_word' id='word_1_122' title='bbox 1459 2509 1510 2563; x_wconf 92' lang='lat' dir='ltr'><strong>V</strong></span> <span class='ocrx_word' id='word_1_123' title='bbox 1531 2509 1580 2564; x_wconf 90' lang='grc' dir='ltr'><strong>Ι.</strong></span> 
     </span>
    </p>
   </div>
   <div class='ocr_carea' id='block_1_7' title="bbox 546 2601 1528 2684">
    <p class='ocr_par' dir='ltr' id='par_1_7' title="bbox 546 2601 1528 2684">
     <span class='ocr_line' id='line_1_25' title="bbox 546 2601 1528 2684; baseline -0.005 -18"><span class='ocrx_word' id='word_1_124' title='bbox 546 2610 859 2684; x_wconf 83' lang='lat' dir='ltr'><strong>Rugosum</strong></span> <span class='ocrx_word' id='word_1_125' title='bbox 880 2617 1061 2684; x_wconf 87' lang='lat' dir='ltr'><strong>atque</strong></span> <span class='ocrx_word' id='word_1_126' title='bbox 1089 2603 1231 2662; x_wconf 87' lang='lat' dir='ltr'><strong>fami</strong></span> <span class='ocrx_word' id='word_1_127' title='bbox 1261 2601 1528 2682; x_wconf 83' lang='lat' dir='ltr'><strong>plenum.</strong></span> 
     </span>
    </p>
   </div>
   <div class='ocr_carea' id='block_1_8' title="bbox 476 2800 1454 2864">
    <p class='ocr_par' dir='ltr' id='par_1_8' title="bbox 476 2800 1454 2864">
     <span class='ocr_line' id='line_1_26' title="bbox 476 2800 1454 2864; baseline 0 -14"><span class='ocrx_word' id='word_1_128' title='bbox 476 2857 481 2860; x_wconf 49' lang='grc'><strong>,</strong></span> <span class='ocrx_word' id='word_1_129' title='bbox 544 2819 593 2864; x_wconf 77' lang='lat'><strong>7.</strong></span> <span class='ocrx_word' id='word_1_130' title='bbox 627 2800 869 2850; x_wconf 78' lang='lat' dir='ltr'><strong>Nonius:</strong></span> <span class='ocrx_word' id='word_1_131' title='bbox 913 2803 1113 2848; x_wconf 67' lang='lat' dir='ltr'><strong>Sacrum</strong></span> <span class='ocrx_word' id='word_1_132' title='bbox 1156 2801 1307 2850; x_wconf 78' lang='lat' dir='ltr'><strong>etiam</strong></span> <span class='ocrx_word' id='word_1_133' title='bbox 1347 2816 1454 2850; x_wconf 81' lang='lat' dir='ltr'><strong>sce·</strong></span> 
     </span>
    </p>
   </div>
   <div class='ocr_carea' id='block_1_9' title="bbox 467 2881 1482 2941">
    <p class='ocr_par' dir='ltr' id='par_1_9' title="bbox 467 2881 1482 2941">
     <span class='ocr_line' id='line_1_27' title="bbox 467 2881 1482 2941; baseline 0.001 -10"><span class='ocrx_word' id='word_1_134' title='bbox 467 2881 652 2931; x_wconf 80' lang='lat' dir='ltr'><strong>lestum</strong></span> <span class='ocrx_word' id='word_1_135' title='bbox 682 2891 733 2930; x_wconf 85' lang='lat' dir='ltr'><strong>et</strong></span> <span class='ocrx_word' id='word_1_136' title='bbox 760 2881 1079 2941; x_wconf 64' lang='lat' dir='ltr'><strong>detestabile,</strong></span> <span class='ocrx_word' id='word_1_137' title='bbox 1099 2881 1173 2930; x_wconf 78' lang='lat' dir='ltr'><strong>ita</strong></span> <span class='ocrx_word' id='word_1_138' title='bbox 1198 2892 1249 2930; x_wconf 84' lang='lat' dir='ltr'><strong>et</strong></span> <span class='ocrx_word' id='word_1_139' title='bbox 1271 2898 1452 2933; x_wconf 77' lang='lat' dir='ltr'><strong>conse-</strong></span> <span class='ocrx_word' id='word_1_140' title='bbox 1472 2931 1482 2938; x_wconf 70' lang='grc'>,</span> 
     </span>
    </p>
   </div>
   <div class='ocr_carea' id='block_1_10' title="bbox 400 2974 1454 4062">
    <p class='ocr_par' dir='ltr' id='par_1_10' title="bbox 468 2974 1267 3021">
     <span class='ocr_line' id='line_1_28' title="bbox 468 2974 1267 3021; baseline 0.001 -9"><span class='ocrx_word' id='word_1_141' title='bbox 468 2974 679 3012; x_wconf 76' lang='lat' dir='ltr'><strong>eratum.</strong></span> <span class='ocrx_word' id='word_1_142' title='bbox 1260 3015 1267 3021; x_wconf 70' lang='grc'><strong><em>,</em></strong></span> 
     </span>
    </p>

    <p class='ocr_par' dir='ltr' id='par_1_11' title="bbox 400 3041 1454 3414">
     <span class='ocr_line' id='line_1_29' title="bbox 546 3041 1450 3111; baseline 0.001 -20"><span class='ocrx_word' id='word_1_143' title='bbox 546 3045 596 3091; x_wconf 86' lang='grc'><strong>8.</strong></span> <span class='ocrx_word' id='word_1_144' title='bbox 621 3044 852 3092; x_wconf 86' lang='lat' dir='ltr'><strong>Nonius:</strong></span> <span class='ocrx_word' id='word_1_145' title='bbox 881 3041 1185 3109; x_wconf 72' lang='lat' dir='ltr'><strong>Ergaseulum</strong></span> <span class='ocrx_word' id='word_1_146' title='bbox 1212 3053 1261 3091; x_wconf 88' lang='lat' dir='ltr'><strong>et</strong></span> <span class='ocrx_word' id='word_1_147' title='bbox 1286 3061 1450 3111; x_wconf 76' lang='lat' dir='ltr'><strong>ergas-</strong></span> 
     </span>
     <span class='ocr_line' id='line_1_30' title="bbox 470 3125 1454 3189; baseline 0.001 -16"><span class='ocrx_word' id='word_1_148' title='bbox 470 3125 600 3173; x_wconf 80' lang='lat' dir='ltr'><strong>tulus</strong></span> <span class='ocrx_word' id='word_1_149' title='bbox 616 3159 632 3180; x_wconf 96' lang='lat'>,</span> <span class='ocrx_word' id='word_1_150' title='bbox 651 3136 709 3172; x_wconf 91' lang='lat' dir='ltr'><strong>ut</strong></span> <span class='ocrx_word' id='word_1_151' title='bbox 728 3141 903 3189; x_wconf 83' lang='lat' dir='ltr'><strong>genere</strong></span> <span class='ocrx_word' id='word_1_152' title='bbox 915 3160 931 3184; x_wconf 91' lang='lat'><strong>,</strong></span> <span class='ocrx_word' id='word_1_153' title='bbox 957 3126 1026 3172; x_wconf 84' lang='lat' dir='ltr'><strong>ita</strong></span> <span class='ocrx_word' id='word_1_154' title='bbox 1046 3138 1095 3172; x_wconf 85' lang='lat' dir='ltr'><strong>et</strong></span> <span class='ocrx_word' id='word_1_155' title='bbox 1114 3125 1454 3174; x_wconf 82' lang='lat' dir='ltr'><strong>intellectibus</strong></span> 
     </span>
     <span class='ocr_line' id='line_1_31' title="bbox 474 3205 1454 3264; baseline 0.003 -12"><span class='ocrx_word' id='word_1_156' title='bbox 474 3205 737 3252; x_wconf 83' lang='lat' dir='ltr'><strong>differunt.</strong></span> <span class='ocrx_word' id='word_1_157' title='bbox 755 3207 885 3252; x_wconf 82' lang='lat' dir='ltr'><strong>Nam</strong></span> <span class='ocrx_word' id='word_1_158' title='bbox 910 3215 1092 3253; x_wconf 81' lang='lat' dir='ltr'><strong>neutro</strong></span> <span class='ocrx_word' id='word_1_159' title='bbox 1108 3239 1123 3264; x_wconf 91' lang='lat'><strong><em>‚</em></strong></span> <span class='ocrx_word' id='word_1_160' title='bbox 1148 3208 1351 3254; x_wconf 79' lang='lat' dir='ltr'><strong>carceris</strong></span> <span class='ocrx_word' id='word_1_161' title='bbox 1369 3208 1454 3255; x_wconf 88' lang='lat' dir='ltr'><strong>lo-</strong></span> 
     </span>
     <span class='ocr_line' id='line_1_32' title="bbox 400 3285 1452 3352; baseline 0.004 -19"><span class='ocrx_word' id='word_1_162' title='bbox 400 3335 403 3340; x_wconf 65' lang='lat'><em>,</em></span> <span class='ocrx_word' id='word_1_163' title='bbox 468 3301 563 3334; x_wconf 64' lang='lat' dir='ltr'><strong>‘cns</strong></span> <span class='ocrx_word' id='word_1_164' title='bbox 600 3297 702 3344; x_wconf 82' lang='lat' dir='ltr'><strong>est3</strong></span> <span class='ocrx_word' id='word_1_165' title='bbox 732 3285 1010 3334; x_wconf 79' lang='lat' dir='ltr'><strong>masculino</strong></span> <span class='ocrx_word' id='word_1_166' title='bbox 1030 3319 1045 3344; x_wconf 92' lang='lat'><strong>,</strong></span> <span class='ocrx_word' id='word_1_167' title='bbox 1072 3298 1240 3336; x_wconf 79' lang='lat' dir='ltr'><strong>custos</strong></span> <span class='ocrx_word' id='word_1_168' title='bbox 1274 3305 1452 3352; x_wconf 77' lang='lat' dir='ltr'><strong>poena-</strong></span> 
     </span>
     <span class='ocr_line' id='line_1_33' title="bbox 466 3365 669 3414; baseline -0.005 0"><span class='ocrx_word' id='word_1_169' title='bbox 466 3365 531 3414; x_wconf 86' lang='lat' dir='ltr'><strong>lis</strong></span> <span class='ocrx_word' id='word_1_170' title='bbox 554 3367 669 3414; x_wconf 86' lang='lat' dir='ltr'><strong>loci.</strong></span> 
     </span>
    </p>

    <p class='ocr_par' dir='ltr' id='par_1_12' title="bbox 468 3447 1453 3586">
     <span class='ocr_line' id='line_1_34' title="bbox 544 3447 1453 3516; baseline 0.007 -22"><span class='ocrx_word' id='word_1_171' title='bbox 544 3461 596 3508; x_wconf 89' lang='lat'><strong>9.</strong></span> <span class='ocrx_word' id='word_1_172' title='bbox 624 3447 851 3503; x_wconf 75' lang='lat' dir='ltr'><strong>Nonius:</strong></span> <span class='ocrx_word' id='word_1_173' title='bbox 873 3448 1185 3512; x_wconf 78' lang='lat' dir='ltr'><strong>Ergasculum</strong></span> <span class='ocrx_word' id='word_1_174' title='bbox 1219 3461 1453 3516; x_wconf 67' lang='lat' dir='ltr'><strong>etrergas-</strong></span> 
     </span>
     <span class='ocr_line' id='line_1_35' title="bbox 468 3527 1343 3586; baseline 0.015 -13"><span class='ocrx_word' id='word_1_175' title='bbox 468 3527 613 3574; x_wconf 68' lang='lat' dir='ltr'><strong>aelus.</strong></span> <span class='ocrx_word' id='word_1_176' title='bbox 946 3573 949 3578; x_wconf 96' lang='lat'><strong>.</strong></span> <span class='ocrx_word' id='word_1_177' title='bbox 1338 3579 1343 3586; x_wconf 96' lang='lat'><strong>.</strong></span> 
     </span>
    </p>

    <p class='ocr_par' dir='ltr' id='par_1_13' title="bbox 548 3608 1317 3667">
     <span class='ocr_line' id='line_1_36' title="bbox 548 3608 1317 3667; baseline 0.007 -13"><span class='ocrx_word' id='word_1_178' title='bbox 548 3608 883 3662; x_wconf 58' lang='lat' dir='ltr'><strong>10.,Nom&#39;us:</strong></span> <span class='ocrx_word' id='word_1_179' title='bbox 917 3611 1093 3667; x_wconf 74' lang='lat' dir='ltr'><strong>Mer-et,</strong></span> <span class='ocrx_word' id='word_1_180' title='bbox 1122 3611 1317 3659; x_wconf 73' lang='lat' dir='ltr'><strong>militat.</strong></span> 
     </span>
    </p>

    <p class='ocr_par' dir='ltr' id='par_1_14' title="bbox 471 3689 1452 3898">
     <span class='ocr_line' id='line_1_37' title="bbox 552 3689 1451 3747; baseline 0.007 -13"><span class='ocrx_word' id='word_1_181' title='bbox 552 3703 631 3734; x_wconf 91' lang='lat'><strong>11.</strong></span> <span class='ocrx_word' id='word_1_182' title='bbox 660 3689 857 3747; x_wconf 74' lang='lat' dir='ltr'><strong>Nonius</strong></span> <span class='ocrx_word' id='word_1_183' title='bbox 888 3705 899 3735; x_wconf 92' lang='lat'><strong>:</strong></span> <span class='ocrx_word' id='word_1_184' title='bbox 939 3689 1181 3736; x_wconf 83' lang='lat' dir='ltr'><strong>Cerebrosi</strong></span> <span class='ocrx_word' id='word_1_185' title='bbox 1209 3691 1451 3740; x_wconf 76' lang='lat' dir='ltr'><strong>dicuntur</strong></span> 
     </span>
     <span class='ocr_line' id='line_1_38' title="bbox 472 3765 1452 3835; baseline 0.005 -19"><span class='ocrx_word' id='word_1_186' title='bbox 472 3765 538 3816; x_wconf 79' lang='lat' dir='ltr'><strong>ad</strong></span> <span class='ocrx_word' id='word_1_187' title='bbox 548 3767 793 3816; x_wconf 81' lang='lat' dir='ltr'><strong>insaniam</strong></span> <span class='ocrx_word' id='word_1_188' title='bbox 805 3768 975 3815; x_wconf 83' lang='lat' dir='ltr'><strong>faciles</strong></span> <span class='ocrx_word' id='word_1_189' title='bbox 984 3803 999 3826; x_wconf 86' lang='lat'><strong>,</strong></span> <span class='ocrx_word' id='word_1_190' title='bbox 1014 3769 1200 3831; x_wconf 70' lang='lat' dir='ltr'><strong>quibus</strong></span> <span class='ocrx_word' id='word_1_191' title='bbox 1212 3769 1452 3835; x_wconf 77' lang='lat' dir='ltr'><strong>frequen-</strong></span> 
     </span>
     <span class='ocr_line' id='line_1_39' title="bbox 471 3849 1121 3898; baseline 0.008 -4"><span class='ocrx_word' id='word_1_192' title='bbox 471 3857 549 3895; x_wconf 85' lang='lat' dir='ltr'><strong>ter</strong></span> <span class='ocrx_word' id='word_1_193' title='bbox 567 3849 824 3896; x_wconf 81' lang='lat' dir='ltr'><strong>cerebrum</strong></span> <span class='ocrx_word' id='word_1_194' title='bbox 847 3862 1121 3898; x_wconf 81' lang='lat' dir='ltr'><strong>moveatur.</strong></span> 
     </span>
    </p>

    <p class='ocr_par' dir='ltr' id='par_1_15' title="bbox 462 3929 1453 4062">
     <span class='ocr_line' id='line_1_40' title="bbox 462 3929 1453 3994; baseline 0.011 -22"><span class='ocrx_word' id='word_1_195' title='bbox 462 3985 470 3994; x_wconf 43' lang='lat'>·</span> <span class='ocrx_word' id='word_1_196' title='bbox 552 3944 630 3974; x_wconf 82' lang='lat'><strong>12.</strong></span> <span class='ocrx_word' id='word_1_197' title='bbox 669 3929 868 3978; x_wconf 86' lang='lat' dir='ltr'><strong>Nonius</strong></span> <span class='ocrx_word' id='word_1_198' title='bbox 898 3947 910 3976; x_wconf 89' lang='lat'>:</span> <span class='ocrx_word' id='word_1_199' title='bbox 948 3931 1133 3980; x_wconf 83' lang='lat' dir='ltr'><strong>Tunica</strong></span> <span class='ocrx_word' id='word_1_200' title='bbox 1142 3965 1163 3990; x_wconf 84' lang='lat'><em>,</em></span> <span class='ocrx_word' id='word_1_201' title='bbox 1180 3943 1265 3982; x_wconf 79' lang='lat' dir='ltr'><strong>-est</strong></span> <span class='ocrx_word' id='word_1_202' title='bbox 1294 3934 1453 3983; x_wconf 77' lang='lat' dir='ltr'><strong>vesti-</strong></span> 
     </span>
     <span class='ocr_line' id='line_1_41' title="bbox 472 3997 1079 4062; baseline 0.002 -4"><span class='ocrx_word' id='word_1_203' title='bbox 472 4017 699 4061; x_wconf 82' lang='lat' dir='ltr'><strong>mentum</strong></span> <span class='ocrx_word' id='word_1_204' title='bbox 724 4009 829 4058; x_wconf 79' lang='lat' dir='ltr'><strong>sine</strong></span> <span class='ocrx_word' id='word_1_205' title='bbox 856 3997 1079 4062; x_wconf 68' lang='lat' dir='ltr'><strong>hunnicis.</strong></span> 
     </span>
    </p>
   </div>
   <div class='ocr_carea' id='block_1_11' title="bbox 1526 2797 2519 4004">
    <p class='ocr_par' dir='ltr' id='par_1_16' title="bbox 1529 2797 2516 3116">
     <span class='ocr_line' id='line_1_42' title="bbox 1611 2797 2515 2858; baseline 0.011 -10"><span class='ocrx_word' id='word_1_206' title='bbox 1611 2801 1694 2848; x_wconf 84' lang='lat'><strong>13.</strong></span> <span class='ocrx_word' id='word_1_207' title='bbox 1749 2797 1950 2852; x_wconf 71' lang='lat' dir='ltr'><strong>Nonius</strong></span> <span class='ocrx_word' id='word_1_208' title='bbox 1984 2817 1998 2851; x_wconf 94' lang='lat'><strong>:</strong></span> <span class='ocrx_word' id='word_1_209' title='bbox 2043 2804 2278 2853; x_wconf 67' lang='lat' dir='ltr'><strong>Postumis</strong></span> <span class='ocrx_word' id='word_1_210' title='bbox 2327 2806 2515 2858; x_wconf 82' lang='lat' dir='ltr'><strong>dieitur</strong></span> 
     </span>
     <span class='ocr_line' id='line_1_43' title="bbox 1531 2876 2515 2952; baseline 0.009 -24"><span class='ocrx_word' id='word_1_211' title='bbox 1531 2881 1747 2940; x_wconf 78' lang='lat' dir='ltr'><strong>ferrum,</strong></span> <span class='ocrx_word' id='word_1_212' title='bbox 1767 2883 1906 2945; x_wconf 84' lang='lat' dir='ltr'><strong>quod</strong></span> <span class='ocrx_word' id='word_1_213' title='bbox 1925 2876 1990 2930; x_wconf 76' lang='lat' dir='ltr'><strong>&#39;ad</strong></span> <span class='ocrx_word' id='word_1_214' title='bbox 2008 2883 2340 2934; x_wconf 83' lang='lat' dir='ltr'><strong>cohibendam</strong></span> <span class='ocrx_word' id='word_1_215' title='bbox 2355 2905 2515 2952; x_wconf 73' lang='lat' dir='ltr'><strong>equo·</strong></span> 
     </span>
     <span class='ocr_line' id='line_1_44' title="bbox 1531 2964 2516 3026; baseline 0.012 -20"><span class='ocrx_word' id='word_1_216' title='bbox 1531 2978 1646 3011; x_wconf 83' lang='lat' dir='ltr'><strong>rum</strong></span> <span class='ocrx_word' id='word_1_217' title='bbox 1675 2964 1918 3010; x_wconf 81' lang='lat' dir='ltr'><strong>tenaciam</strong></span> <span class='ocrx_word' id='word_1_218' title='bbox 1951 2964 2185 3026; x_wconf 78' lang='lat' dir='ltr'><strong>naribus,</strong></span> <span class='ocrx_word' id='word_1_219' title='bbox 2212 2967 2292 3014; x_wconf 86' lang='lat' dir='ltr'><strong>vel</strong></span> <span class='ocrx_word' id='word_1_220' title='bbox 2319 2970 2516 3018; x_wconf 74' lang='lat' dir='ltr'><strong>morsui</strong></span> 
     </span>
     <span class='ocr_line' id='line_1_45' title="bbox 1529 3041 2514 3116; baseline 0.011 -28"><span class='ocrx_word' id='word_1_221' title='bbox 1529 3041 1826 3106; x_wconf 84' lang='lat' dir='ltr'><strong>imponitur,</strong></span> <span class='ocrx_word' id='word_1_222' title='bbox 1849 3044 2020 3090; x_wconf 83' lang='lat' dir='ltr'><strong>Graece</strong></span> <span class='ocrx_word' id='word_1_223' title='bbox 2039 3045 2138 3099; x_wconf 77' lang='grc' dir='ltr'><strong>ἀπὸ</strong></span> <span class='ocrx_word' id='word_1_224' title='bbox 2162 3050 2244 3096; x_wconf 77' lang='grc' dir='ltr'><strong>τοῦ</strong></span> <span class='ocrx_word' id='word_1_225' title='bbox 2267 3048 2514 3116; x_wconf 75' lang='grc' dir='ltr'><strong>ςόματος.</strong></span> 
     </span>
    </p>

    <p class='ocr_par' dir='ltr' id='par_1_17' title="bbox 1531 3120 2519 3431">
     <span class='ocr_line' id='line_1_46' title="bbox 1609 3120 2517 3189; baseline 0.01 -24"><span class='ocrx_word' id='word_1_226' title='bbox 1609 3136 1630 3165; x_wconf 86' lang='lat'>1</span> <span class='ocrx_word' id='word_1_227' title='bbox 1642 3128 1689 3176; x_wconf 77' lang='grc'><strong>4.</strong></span> <span class='ocrx_word' id='word_1_228' title='bbox 1717 3121 1944 3169; x_wconf 82' lang='lat' dir='ltr'><strong>Nonius:</strong></span> <span class='ocrx_word' id='word_1_229' title='bbox 1968 3120 2248 3171; x_wconf 84' lang='lat' dir='ltr'><strong>Holerorum</strong></span> <span class='ocrx_word' id='word_1_230' title='bbox 2260 3162 2279 3182; x_wconf 91' lang='lat'><em>,</em></span> <span class='ocrx_word' id='word_1_231' title='bbox 2299 3143 2394 3189; x_wconf 84' lang='lat' dir='ltr'><strong>pro</strong></span> <span class='ocrx_word' id='word_1_232' title='bbox 2413 3125 2517 3174; x_wconf 85' lang='lat' dir='ltr'><strong>ho-</strong></span> 
     </span>
     <span class='ocr_line' id='line_1_47' title="bbox 1531 3199 2516 3265; baseline 0.007 -17"><span class='ocrx_word' id='word_1_233' title='bbox 1531 3200 1711 3248; x_wconf 77' lang='lat' dir='ltr'><strong>lerum.</strong></span> <span class='ocrx_word' id='word_1_234' title='bbox 1721 3227 1795 3236; x_wconf 86' lang='grc'><strong>--</strong></span> <span class='ocrx_word' id='word_1_235' title='bbox 1811 3199 2226 3250; x_wconf 73' lang='lat' dir='ltr'><strong>Tintinnabulum.</strong></span> <span class='ocrx_word' id='word_1_236' title='bbox 2237 3206 2348 3252; x_wconf 84' lang='lat' dir='ltr'><strong>Hoc</strong></span> <span class='ocrx_word' id='word_1_237' title='bbox 2363 3206 2486 3254; x_wconf 81' lang='lat' dir='ltr'><strong>loco</strong></span> <span class='ocrx_word' id='word_1_238' title='bbox 2500 3241 2516 3265; x_wconf 91' lang='lat'>,</span> 
     </span>
     <span class='ocr_line' id='line_1_48' title="bbox 1537 3280 2519 3347; baseline 0.011 -22"><span class='ocrx_word' id='word_1_239' title='bbox 1537 3295 1698 3344; x_wconf 82' lang='lat' dir='ltr'><strong>genus</strong></span> <span class='ocrx_word' id='word_1_240' title='bbox 1717 3280 1938 3328; x_wconf 85' lang='lat' dir='ltr'><strong>vehiculi</strong></span> <span class='ocrx_word' id='word_1_241' title='bbox 1960 3293 2020 3329; x_wconf 88' lang='lat' dir='ltr'><strong>nt</strong></span> <span class='ocrx_word' id='word_1_242' title='bbox 2043 3299 2256 3347; x_wconf 74' lang='lat' dir='ltr'><strong>magnus</strong></span> <span class='ocrx_word' id='word_1_243' title='bbox 2283 3285 2519 3342; x_wconf 80' lang='lat' dir='ltr'><strong>observat</strong></span> 
     </span>
     <span class='ocr_line' id='line_1_49' title="bbox 1531 3359 2225 3431; baseline 0.004 -24"><span class='ocrx_word' id='word_1_244' title='bbox 1531 3361 1762 3426; x_wconf 82' lang='lat' dir='ltr'><strong>Scaliger.</strong></span> <span class='ocrx_word' id='word_1_245' title='bbox 1792 3359 2026 3431; x_wconf 69' lang='lat' dir='ltr'><strong>Sirpicula</strong></span> <span class='ocrx_word' id='word_1_246' title='bbox 2039 3397 2057 3419; x_wconf 90' lang='lat'><em>,</em></span> <span class='ocrx_word' id='word_1_247' title='bbox 2079 3363 2225 3410; x_wconf 85' lang='lat' dir='ltr'><strong>idem.</strong></span> 
     </span>
    </p>

    <p class='ocr_par' dir='ltr' id='par_1_18' title="bbox 1526 3449 2516 3742">
     <span class='ocr_line' id='line_1_50' title="bbox 1609 3449 2514 3520; baseline 0.011 -24"><span class='ocrx_word' id='word_1_248' title='bbox 1609 3449 1694 3498; x_wconf 81' lang='lat'><strong>15.</strong></span> <span class='ocrx_word' id='word_1_249' title='bbox 1716 3451 1779 3498; x_wconf 74' lang='lat' dir='ltr'><strong>A.</strong></span> <span class='ocrx_word' id='word_1_250' title='bbox 1803 3451 1996 3498; x_wconf 85' lang='lat' dir='ltr'><strong>Gellius</strong></span> <span class='ocrx_word' id='word_1_251' title='bbox 2012 3486 2028 3512; x_wconf 86' lang='lat'>,</span> <span class='ocrx_word' id='word_1_252' title='bbox 2049 3453 2141 3500; x_wconf 86' lang='lat' dir='ltr'><strong>lib.</strong></span> <span class='ocrx_word' id='word_1_253' title='bbox 2167 3456 2256 3514; x_wconf 80' lang='lat' dir='ltr'><strong>IV,</strong></span> <span class='ocrx_word' id='word_1_254' title='bbox 2275 3471 2388 3520; x_wconf 82' lang='lat' dir='ltr'><strong>cap.</strong></span> <span class='ocrx_word' id='word_1_255' title='bbox 2417 3474 2478 3518; x_wconf 82' lang='lat'><strong>17</strong></span> <span class='ocrx_word' id='word_1_256' title='bbox 2498 3476 2514 3506; x_wconf 75' lang='grc' dir='ltr'><strong><em>ε</em></strong></span> 
     </span>
     <span class='ocr_line' id='line_1_51' title="bbox 1533 3527 2516 3601; baseline 0.014 -27"><span class='ocrx_word' id='word_1_257' title='bbox 1533 3527 1745 3594; x_wconf 82' lang='lat' dir='ltr'><strong>Subjicit.</strong></span> <span class='ocrx_word' id='word_1_258' title='bbox 1761 3532 1818 3588; x_wconf 88' lang='lat' dir='ltr'><strong>U,</strong></span> <span class='ocrx_word' id='word_1_259' title='bbox 1831 3530 1996 3578; x_wconf 58' lang='lat' dir='ltr'><strong>littera</strong></span> <span class='ocrx_word' id='word_1_260' title='bbox 2014 3533 2178 3598; x_wconf 67' lang='lat' dir='ltr'><strong>longai,</strong></span> <span class='ocrx_word' id='word_1_261' title='bbox 2191 3535 2382 3600; x_wconf 77' lang='lat' dir='ltr'><strong>legunt,</strong></span> <span class='ocrx_word' id='word_1_262' title='bbox 2391 3539 2516 3601; x_wconf 76' lang='lat' dir='ltr'><strong>quia</strong></span> 
     </span>
     <span class='ocr_line' id='line_1_52' title="bbox 1526 3610 2516 3676; baseline 0.011 -19"><span class='ocrx_word' id='word_1_263' title='bbox 1526 3610 1740 3674; x_wconf 82' lang='lat' dir='ltr'><strong>primam</strong></span> <span class='ocrx_word' id='word_1_264' title='bbox 1787 3612 2024 3676; x_wconf 74' lang='lat' dir='ltr'><strong>syllabam</strong></span> <span class='ocrx_word' id='word_1_265' title='bbox 2068 3613 2272 3662; x_wconf 82' lang='lat' dir='ltr'><strong>brevem</strong></span> <span class='ocrx_word' id='word_1_266' title='bbox 2309 3611 2416 3666; x_wconf 80' lang='lat' dir='ltr'><strong>esse</strong></span> <span class='ocrx_word' id='word_1_267' title='bbox 2453 3620 2516 3667; x_wconf 81' lang='lat' dir='ltr'><strong>in</strong></span> 
     </span>
     <span class='ocr_line' id='line_1_53' title="bbox 1527 3690 2319 3742; baseline 0.008 -6"><span class='ocrx_word' id='word_1_268' title='bbox 1527 3705 1674 3737; x_wconf 82' lang='lat' dir='ltr'><strong>versu</strong></span> <span class='ocrx_word' id='word_1_269' title='bbox 1699 3690 1905 3738; x_wconf 88' lang='lat' dir='ltr'><strong>heroico</strong></span> <span class='ocrx_word' id='word_1_270' title='bbox 1931 3708 2040 3740; x_wconf 89' lang='lat' dir='ltr'><strong>non</strong></span> <span class='ocrx_word' id='word_1_271' title='bbox 2065 3695 2319 3742; x_wconf 87' lang='lat' dir='ltr'><strong>convenit.</strong></span> 
     </span>
    </p>

    <p class='ocr_par' dir='ltr' id='par_1_19' title="bbox 1530 3771 2516 4004">
     <span class='ocr_line' id='line_1_54' title="bbox 1607 3771 2516 3842; baseline 0.011 -26"><span class='ocrx_word' id='word_1_272' title='bbox 1607 3771 1684 3817; x_wconf 80' lang='lat'><strong>16.</strong></span> <span class='ocrx_word' id='word_1_273' title='bbox 1704 3773 1770 3818; x_wconf 78' lang='lat' dir='ltr'><strong>A.</strong></span> <span class='ocrx_word' id='word_1_274' title='bbox 1798 3773 2018 3831; x_wconf 78' lang='lat' dir='ltr'><strong>Gellius,</strong></span> <span class='ocrx_word' id='word_1_275' title='bbox 2036 3772 2124 3820; x_wconf 87' lang='lat' dir='ltr'><strong>lib.</strong></span> <span class='ocrx_word' id='word_1_276' title='bbox 2150 3777 2252 3832; x_wconf 82' lang='lat' dir='ltr'><strong>IX,</strong></span> <span class='ocrx_word' id='word_1_277' title='bbox 2278 3791 2386 3842; x_wconf 75' lang='lat' dir='ltr'><strong>cap.</strong></span> <span class='ocrx_word' id='word_1_278' title='bbox 2417 3787 2482 3834; x_wconf 73' lang='lat'><strong>14</strong></span> <span class='ocrx_word' id='word_1_279' title='bbox 2500 3795 2516 3827; x_wconf 71' lang='grc' dir='ltr'><em>τ</em></span> 
     </span>
     <span class='ocr_line' id='line_1_55' title="bbox 1530 3849 2516 3910; baseline 0.012 -14"><span class='ocrx_word' id='word_1_280' title='bbox 1530 3849 1611 3897; x_wconf 88' lang='lat' dir='ltr'><strong>Sic</strong></span> <span class='ocrx_word' id='word_1_281' title='bbox 1633 3860 1800 3898; x_wconf 83' lang='lat' dir='ltr'><strong>autem</strong></span> <span class='ocrx_word' id='word_1_282' title='bbox 1817 3851 1920 3900; x_wconf 79' lang='lat' dir='ltr'><strong>dies</strong></span> <span class='ocrx_word' id='word_1_283' title='bbox 1929 3887 1949 3910; x_wconf 88' lang='lat'><em>,</em></span> <span class='ocrx_word' id='word_1_284' title='bbox 1971 3852 2072 3909; x_wconf 83' lang='lat' dir='ltr'><strong>dii,</strong></span> <span class='ocrx_word' id='word_1_285' title='bbox 2091 3869 2120 3900; x_wconf 81' lang='lat' dir='ltr'>a</span> <span class='ocrx_word' id='word_1_286' title='bbox 2143 3855 2398 3905; x_wconf 74' lang='lat' dir='ltr'><strong>veteribus</strong></span> <span class='ocrx_word' id='word_1_287' title='bbox 2421 3858 2516 3908; x_wconf 84' lang='lat' dir='ltr'><strong>de-</strong></span> 
     </span>
     <span class='ocr_line' id='line_1_56' title="bbox 1532 3929 2383 4004; baseline 0.005 -26"><span class='ocrx_word' id='word_1_288' title='bbox 1532 3929 1780 3980; x_wconf 79' lang='lat' dir='ltr'><strong>clinatum</strong></span> <span class='ocrx_word' id='word_1_289' title='bbox 1807 3943 1910 3994; x_wconf 82' lang='lat' dir='ltr'><strong>est,</strong></span> <span class='ocrx_word' id='word_1_290' title='bbox 1936 3943 1994 3982; x_wconf 86' lang='lat' dir='ltr'><strong>ut</strong></span> <span class='ocrx_word' id='word_1_291' title='bbox 2018 3935 2216 4004; x_wconf 63' lang='lat' dir='ltr'><strong>Fames,</strong></span> <span class='ocrx_word' id='word_1_292' title='bbox 2229 3932 2383 3999; x_wconf 81' lang='lat' dir='ltr'><strong>fami.</strong></span> 
     </span>
    </p>
   </div>
  </div>
 </body>
</html>
