2775 4619
819 381 825 396 “
889 419 1288 486 SATIRA
1347 417 1483 482 vl.

2084 420 2204 484 163

181 596 206 614 ,.
239 543 831 634 Egregioslusisse
867 542 1095 608 senes?
1135 543 1304 606 Mihi
1338 564 1517 605 nunc
1552 541 1746 632 Ligus
1783 559 1899 606 ora

241 661 546 748 Intepet,
572 659 1028 746 hybernatque
1056 680 1278 722 meum
1305 639 1484 720 niare
1508 705 1527 738 ,
1560 647 1881 744 qua'latus
1908 656 2137 746 ingens

239 774 427 839 Dant
457 775 757 864 scopuli,
782 791 849 840 et
874 775 1079 838 mult&
1109 774 1291 837 littus
1320 795 1387 837 se
1415 772 1580 836 valle
1608 787 1913 861 receptat.

241 888 471 952 Lunai
484 905 751 978 portum
792 887 921 975 (est
954 888 1202 977 operoe)
1235 891 1622 975 cognoscite,
1664 890 1841 952 cives·

141 1083 262 1149 gios
299 1083 462 1132 lusisse
498 1100 667 1141 sene-55
702 1097 821 1152 quae
856 1080 1037 1132 omnia
1065 1080 1146 1153 ly-

145 1161 260 1213 rici
286 1159 538 1212 carminis
559 1172 736 1231 partes
763 1173 920 1212 sunt:
945 1170 999 1213 et
1027 1160 1150 1232 pul-

147 1240 498 1292 cherrimum
511 1278 528 1302 ,
547 1240 654 1293 hoc
670 1240 792 1292 loco
805 1278 822 1305 ,
836 1241 1002 1292 >hahes
1020 1245 1150 1311 poe-

145 1333 224 1372 tae
251 1321 572 1377 'encomium
591 1357 608 1384 ,
637 1319 735 1391 qui
761 1339 914 1392 aeque
937 1320 1148 1391 peritus

145 1401 272 1454 fuit
293 1421 488 1454 canere
511 1403 756 1454 Deorum
776 1401 962 1454 laudes
983 1416 1148 1474 atque

148 1479 327 1551 juveii
336 1501 425 1532 um
449 1481 622 1552 J'ocos.
652 1484 857 1533 Boileau
871 1521 888 1543 ‚
909 1485 1009 1533 Art
1030 1486 1148 1533 Ροέ-

152 1564 327 1626 tique‚
355 1563 514 1611 ebant
532 1567 593 1611 1.-

155 1675 384 1720 Heureux
403 1674 512 1736 qui,
535 1673 649 1721 dans
668 1691 738 1722 ses
755 1691 857 1723 vers
872 1710 887 1733 ,
906 1676 993 1722 snit
1010 1676 1152 1726 d'une

286 1746 402 1792 voix
419 1737 574 1808 legere
605 1747 612 1754 ’
801 1743 804 1748 ’

156 1817 326 1862 Passer
344 1816 410 1862 du
435 1831 575 1878 grave
601 1831 663 1862 au
688 1816 815 1863 doux
831 1851 846 1874 ‚
869 1817 933 1864 du
951 1818 1154 1880 plaisant

295 1901 354 1932 au
375 1887 564 1934 se'vere!

156 1957 259 2002 Son
291 1951 410 2004 livre
439 1957 562 2004 aime
591 1957 656 2004 du
687 1958 778 2006 ciel
787 1972 810 2016 ,·
825 1968 874 2005 et
903 1959 1033 2006 cheri
1069 1961 1150 2008 des

286 2029 486 2079 lecteurs
501 2065 514 2090 ,

156 2101 244 2146 Est
271 2112 471 2148 souvent
489 2103 604 2150 chez
633 2103 806 2150 Barbin
831 2104 1025 2150 entoure
1045 2104 1152 2151 d’a-

292 2173 524 2219 cheteurs.
997 2181 1054 2222 A.

233 2282 294 2331 6.
338 2280 468 2330 Mihi
505 2299 636 2331 nunc
674 2283 820 2351 Ligus
859 2285 986 2350 orm]
1019 2282 1148 2335 Vet.

158 2360 337 2411 schol.
373 2359 665 2431 «Seipsum
695 2361 912 2413 Persius
948 2362 1152 2433 signifi-

163 2465 188 2486 ι
211 2453 299 2491 cat
323 2442 598 2493 secessisse
630 2442 687 2493 in
717 2443 952 2513 Liguriae
978 2442 1147 2510 fines;

164 2546 188 2566 ι
213 2519 505 2587 videlicet,
531 2534 760 2593 propter
788 2523 1034 2575 Fulviam
1063 2523 1148 2575 Si-

165 2626 188 2647 α
213 2603 464 2654 senniam
500 2616 729 2677 matrem
768 2622 921 2657 suam
940 2641 958 2667 ,
993 2622 1149 2675 quai,

165 2706 187 2727 ιι
212 2696 341 2753 post
379 2695 617 2736 mortem
655 2684 856 2754 prioris
899 2685 1036 2747 viri,
1073 2684 1150 2737 ibi

165 2786 188 2807 ι
213 2776 390 2834 nupta
409 2775 540 2816 erat.
553 2787 576 2809 n
590 2766 818 2832 -Ligus
835 2783 938 2815 ora.
953 2764 1150 2829 Hodie,

161 2846 216 2893 la
243 2847 350 2895 οὔτε
375 2848 440 2895 de
467 2846 642 2895 θέντες.

237 2942 288 2993 7.
320 2924 544 2994 Intepet]
577 2924 1041 2997 Temperatiorem
1056 2964 1072 2991 ‚
1096 2938 1152 2978 et

159 3003 443 3055 mitiorem
463 3010 643 3057 aerem
665 3006 1148 3076 praeben-Hybet-

162 3098 350 3151 natque
405 3104 568 3135 meum
622 3106 772 3137 mare.
820 3084 958 3138 Nam
1003 3103 1150 3137 mare

163 3164 510 3234 Ligusticum
553 3164 612 3214 in
657 3152 816 3237 cujus*
865 3184 960 3217 ora
1003 3178 1153 3217 nunc

163 3262 287 3296 sum
307 3284 322 3311 ,
351 3244 621 3315 agitatur,
649 3245 831 3311 saevit,
859 3258 912 3297 et
945 3264 976 3297 a
1003 3246 1156 3299 navi-

1226 1079 1325 1150 giis
1346 1090 1527 1143 vacat,
1549 1091 1614 1131 ut
1652 1079 1789 1131 solet
1820 1078 1939 1132 fieri
1978 1091 2211 1152 tempes-

1227 1171 1334 1211 tate
1361 1159 1625 1231 hyberna.
1648 1160 1907 1212 Tractum
1932 1161 2039 1224 hoc
2068 1179 2098 1212 a
2124 1179 2207 1214 ra-

1227 1239 1374 1292 tione
1396 1240 1653 1311 physica:
1677 1258 1805 1291 nam
1834 1254 1992 1310 tepor
2014 1241 2175 1294 maris
2193 1277 2211 1306 ,

1229 1337 1338 1390 quo
1373 1337 1429 1370 se
1459 1317 1626 1370 modo
1664 1318 1774 1369 frui
1814 1317 2027 1371 dicebat
2046 1357 2063 1384 ,
2093 1331 2213 1372 tum

1225 1397 1564 1469 praecipuus,
1585 1398 1895 1450 cuminaria
1916 1399 2212 1470 agitantur.
2268 1433 2272 1440 ·

1226 1477 1360 1530 Vid.
1398 1479 1507 1532 Cic.
1535 1477 1603 1531 de
1640 1479 1765 1532 Nat.
1804 1481 1969 1532 Deor.
2004 1481 2103 1532 lib.
2128 1482 2208 1533 ΙΙ.

1231 1556 1401 1621 Quod
1420 1570 1601 1610 autem
1620 1558 1813 1630 hyeme
1832 1557 1898 1611 fit
1920 1577 2067 1610 mare
2086 1559 2216 1612 cali-

1230 1637 1389 1704 dius,
1418 1633 1565 1709 dpud
1593 1637 1877 1703 eumdem,
1902 1652 1953 1691 et
1974 1640 2215 1710 philoso-

1229 1718 1370 1790 phos
1412 1717 1541 1770 alios
1580 1737 1727 1789 saepe·
1760 1719 1939 1788 legere
1978 1731 2076 1770 est.
2112 1724 2214 1784 Hy·-

1233 1802 1411 1849 ber-nat
1425 1805 1589 1859 mane,
1611 1811 1673 1850 ut
1692 1797 1869 1851 Graeci
1884 1836 1899 1862 ‚
1920 1801 2216 1870 χειμάζεται

1228 1881 1260 1936 ἡ
1285 1881 1547 1944 θάλασσα,
1576 1891 1631 1931 et
1656 1880 1956 1941 Horatius,
1984 1880 2078 1932 lib.
2120 1880 2177 1931 II
2194 1914 2213 1940 ,

1230 1971 1326 2011 sat.
1368 1978 1396 2010 2
1436 1979 1449 2010 ε
1487 1959 1765 2026 Defendens
1796 1962 1954 2026 pisces
1972 1997 1991 2020 ,
2020 1961 2220 2024 hyemat

1229 2058 1380 2090 mare.
1410 2039 1473 2092 C.

1301 2123 1351 2174 8.
1371 2125 1512 2171 Dant
1525 2121 1745 2192 scopuli]
1765 2121 1934 2174 Lunae
1954 2139 2217 2191 promon-

1229 2201 1358 2254 torii
1394 2199 1691 2273 descriptio
1718 2239 1735 2267 ,
1770 2200 1839 2254 de
1878 2220 1991 2273 quo
2032 2201 2215 2254 Ptole-

1231 2300 1422 2344 maeus,
1450 2295 1503 2336 et
1520 2281 1713 2335 Strabo
1732 2321 1749 2347 ,
1774 2282 1871 2334 lib.
1888 2280 2215 2334 V.--Multd

1231 2366 1362 2414 littus
1385 2384 1437 2414 se
1464 2366 1603 2414 valle
1636 2378 1865 2430 receptat.
1894 2363 2005 2415 Ubi
2032 2362 2218 2414 sinum

1231 2455 1425 2495 natura
1444 2444 1594 2506 fecit,
1614 2456 1667 2495 et
1688 2442 1965 2495 deflexum
1984 2443 2136 2495 littus
2154 2442 2216 2494 in

1229 2524 1463 2575 formam
1492 2528 1625 2575 Iunae
1660 2536 1921 2576 curvatur
1942 2560 1959 2587 ,
1989 2540 2217 2575 nomen·-

1229 2620 1339 2675 que
1362 2601 1491 2655 inde
1520 2602 1732 2656 datum.
1758 2604 1820 2655 P.
1858 2624 1865 2629 ·

1302 2702 1349 2752 9.
1375 2684 1751 2749 Lunai'porcum
1765 2721 1783 2743 ,
1811 2687 1931 2751 etc]
1954 2683 2115 2735 Hunc
2138 2683 2219 2735 lo·

1231 2781 1357 2815 cum
1374 2762 1883 2827 commendaturuS,
1894 2764 2083 2815 inserit
2094 2783 2216 2815 ver-

1230 2862 1353 2896 sum
1376 2844 1571 2907 Ennii,
1600 2843 1697 2915 qui
1724 2856 1779 2895 et
1799 2843 1917 2913 ipse
1935 2881 1952 2907 ,
1978 2844 2036 2895 in
2059 2843 2217 2914 prin-

1230 2926 1376 2997 cipio
1397 2925 1693 2977 Annalium
1732 2943 1959 2976 suorum
1976 2961 1993 2988 ,
2017 2938 2221 2991 portum

1227 3011 1382 3057 Lunoe
1433 3002 1777 3057 collaudavit.
1806 3034 1877 3043 —-
1904 3004 2072 3053 Lunai'
2110 3022 2218 3075 pro

1229 3092 1418 3145 Lance,
1458 3086 1521 3135 αῖ
1552 3104 1657 3155 pro
1694 3104 1769 3144 ce,
1792 3085 2032 3136 solemne
2068 3082 2221 3156 apud

1230 3178 1443 3221 veteres
1469 3172 1659 3237 poetas
1675 3204 1689 3227 ,
1709 3165 1966 3218 Lucretio
1998 3183 2221 3235 praser-

1237 3246 1367 3312 tim,
1392 3264 1454 3299 ac
1474 3246 1707 3318 Virgilio
1727 3244 2007 3298 interdum
2031 3246 2218 3313 aquai,

235 3420 301 3467 V.
323 3434 373 3481 9.
391 3414 768 3482 Lunai'portum
788 3418 885 3480 (est
899 3418 1098 3485 operae)
1115 3414 1382 3483 cognoscite
1394 3453 1412 3474 ‚
1435 3416 1569 3463 ciues.
1588 3418 1740 3465 Hunc
1753 3432 1953 3464 versum
1968 3415 2221 3479 integ-rum.

165 3498 365 3543 restitui
402 3512 471 3544 ex
510 3512 624 3543 meo
665 3497 780 3544 cod.
826 3496 912 3543 cui
949 3496 1288 3543 assentiuntur
1327 3495 1476 3543 codd.
1516 3494 1717 3543 Thoan.
1757 3494 1978 3544 Colbert.
2000 3496 2024 3539 Ι
2060 3504 2109 3539 et
2141 3495 2193 3539 11
2208 3524 2227 3549 ‚

165 3578 401 3626 Fauchet.
425 3577 689 3625 Pithoean.
710 3580 789 3636 ΙΙ,
813 3569 862 3624 et
883 3587 1071 3641 septem
1097 3558 1196 3623 alii.
1217 3580 1334 3624 Vct.
1365 3576 1521 3624 schol.
1542 3576 1683 3623 huuc
1703 3590 1903 3623 versum
1927 3574 1999 3622 sic
2021 3574 2177 3637 legit:

604 3682 755 3726 Lunai
770 3716 784 3737 ,
804 3680 1008 3741 pretium
1025 3688 1094 3724 est
1113 3694 1265 3739 operae
1286 3675 1565 3741 cognoscere
1582 3713 1596 3735 ,
1618 3678 1739 3725 cives
1752 3712 1766 3733 ,

162 3798 276 3847 quae
293 3781 452 3829 lectio
466 3781 680 3846 glossam
695 3779 900 3828 redolet.
915 3783 1128 3828 Putean.
1147 3779 1261 3827 cod.
1277 3788 1376 3827 vet.
1396 3779 1516 3833 edit.
1531 3777 1833 3837 Britannici,
1852 3775 1992 3825 editt.
2007 3774 2221 3835 Aldinae,

169 3862 386 3915 Casaub.
410 3861 547 3909 Lab.
569 3873 620 3908 et
645 3862 946 3907 recentiores
970 3860 1176 3909 melius:

613 3964 766 4011 Lunai
783 3973 972 4024 portum
987 3997 1001 4019 ,
1025 3972 1095 4008 est
1115 3976 1266 4024 operae
1287 3974 1565 4023 cognoscere
1584 3992 1598 4013 ‚
1618 3959 1757 4005 cives.

170 4070 351 4118 Nostra
379 4067 535 4115 lectio
556 4064 779 4113 vividior
805 4073 878 4113 est
899 4098 914 4125 ,
939 4045 990 4112 et
1013 4062 1248 4113 codicum
1265 4061 1557 4111 auctoritate
1578 4069 1797 4125 praestat.
