2775 4619
697 511 1422 638 ‘SATIRA'IIL

694 756 799 801 DE
854 759 1079 807 BONA
1130 763 1451 814 MENTE.

140 880 269 998 H
286 954 386 998 un
402 952 439 996 c
462 976 481 1013 ,
512 929 807 1000 Macrine
824 957 853 1018 ,⁴
877 936 1051 1003 diem
1080 963 1351 1010 numera
1376 949 1646 1018 meliore
1671 954 1892 1046 lapillo
1908 1010 1928 1043 ,

136 1045 274 1141 Qui
308 1049 440 1112 tibi
476 1048 766 1116 labentes
801 1055 1078 1144 apponit
1112 1058 1425 1128 candidus
1460 1088 1682 1134 annos,

132 1161 375 1228 Funde
409 1186 665 1230 merum
701 1167 935 1234 Genio·
976 1171 1131 1238 Non
1166 1191 1241 1240 tu
1273 1201 1468 1266 prece
1499 1187 1708 1272 poscis
1739 1195 1941 1263 emaci
1984 1239 1989 1245 -

116 1373 171 1407 1.
210 1357 641 1426 Blae-rineJVVet.
678 1360 849 1414 schol.
894 1386 917 1408 ι
941 1363 1034 1415 Al-

32 1457 59 1478 «
84 1433 351 1506 loquitur
398 1434 641 1489 Plotium
680 1439 985 1494 Macrinum
1012 1481 1030 1510 ,

32 1537 59 1559 ι
82 1513 380 1566 hominem
396 1533 525 1569 sane
544 1515 850 1585 eruditum,
867 1533 921 1574 et
939 1541 1032 1593 pa-

34 1619 61 1639 ·
88 1607 255 1646 terno
276 1613 335 1647 se
353 1595 556 1648 affectu
577 1596 913 1670 diligentem,
936 1604 1033 1673 qui

36 1699 61 1718 ι
86 1675 149 1725 in
169 1673 343 1727 domo
354 1674 569 1730 Servilii
586 1676 865 1748 didicerat,
878 1701 907 1734 a
922 1701 1035 1753 quo

36 1779 61 1799 α
86 1755 335 1826 agellum
362 1773 791 1829 comparaverat,
815 1761 1033 1816 indulto

37 1859 63 1879 κ
89 1835 200 1886 sibi
220 1835 408 1906 pretio
428 1838 727 1908 aliquanto.
748 1867 771 1887 a·
788 1872 859 1884 --
875 1847 1033 1896 Diem.

32 1913 293 1966 Natalem
316 1925 491 1968 tuum.
512 1917 728 1973 Scilicet
746 1958 763 1986 ,
784 1939 909 1974 mos
922 1935 1034 1976 erat

34 1994 197 2065 apud
211 2008 427 2050 veteres
447 1996 611 2052 natali
630 2003 929 2056 amicorum
942 2003 1031 2058 die

34 2077 377 2129 munusculo
423 2097 512 2131 eos
556 2081 738 2153 aliquo
780 2083 995 2138 afficere
1012 2104 1029 2152 3

35 2167 93 2206 et
108 2161 291 2226 poetae
312 2155 568 2228 quidem,
589 2157 849 2234 doctique
866 2183 1032 2236 opus·

34 2238 162 2290 cula
175 2256 274 2290 sua
291 2236 606 2294 deferebant
623 2261 636 2292 τ
659 2243 807 2296 hune
822 2263 1031 2299 morem

34 2320 300 2390 sequitur
318 2318 533 2375 Persius
554 2342 677 2394 erga
700 2326 1025 2380 Macrinum.

36 2399 122 2449 De
146 2398 240 2452 die
268 2401 433 2453 natali
449 2438 466 2465 ,
494 2401 612 2457 vid.
638 2402 1025 2460 Censorinum.

36 2482 349 2530 —Numera
363 2484 561 2533 meliore
578 2486 767 2551 lapillo.
780 2486 1029 2540 Candido

38 2576 243 2629 nempe
264 2578 351 2611 res
370 2560 505 2613 laetae
524 2564 875 2629 notabantur,
888 2566 1028 2620 sicut

37 2651 159 2690 atro
176 2658 266 2691 res
285 2651 485 2693 moestae
506 2654 559 2695 et
578 2643 839 2700 infelices.
860 2648 1023 2700 Mart.

39 2718 309 2789 epigram.
332 2718 431 2771 lib.
461 2721 575 2788 IX,
602 2721 703 2776 53:

100 2811 239 2858 Felix
262 2822 464 2875 utraque
482 2814 567 2860 lux
582 2848 601 2870 ,
623 2814 819 2879 diesque
838 2818 977 2864 nobis

100 2884 337 2947 Signandi
362 2885 637 2932 melioribus
658 2888 851 2949 lapillis.

40 2966 347 3033 Ceterum,
376 2986 585 3021 morem
614 2968 775 3022 illum
800 2970 1030 3042 viguisse

40 3046 289 3116 primum
308 3045 461 3117 apud
478 3046 709 3101 Thracas
736 3062 927 3101 auctor
952 3062 1031 3103 est

39 3126 177 3179 Plin.
191 3127 290 3179 lib.
305 3126 444 3191 VII,
460 3146 574 3199 cap.
585 3133 671 3191 4ο.
681 3128 1028 3183 P.——-Melae'ore.

40 3208 165 3259 Non
184 3206 507 3261 candidiore
520 3228 537 3276 ;
550 3228 691 3273 nam,
704 3210 903 3263 alboris
914 3230 1029 3263 non

39 3288 229 3358 plures
272 3298 433 3339 eram
477 3287 673 3359 gradus
692 3308 709 3356 3
742 3289 837 3342 sed
883 3289 1029 3344 inter

40 3369 227 3421 album
247 3381 305 3422 et
324 3367 545 3441 nigrum
568 3370 807 3443 lapidem
824 3375 1023 3432 melior,

40 3450 151 3503 sine
172 3449 351 3503 dubio
367 3488 386 3514 ,
416 3464 495 3505 est
519 3450 692 3505 albus.
718 3453 784 3505 A.

110 3548 164 3581 a.
216 3532 320 3596 Qui
352 3532 446 3580 tibi
482 3532 697 3581 labentes
710 3568 729 3591 ,
753 3534 873 3599 σιω]
912 3532 1026 3597 Qui

40 3626 211 3661 aevum
227 3646 245 3673 ,
286 3606 444 3679 quod
490 3607 741 3681 quotidie
780 3611 985 3665 labitur
1004 3650 1021 3679 ,

42 3688 137 3741 tibi
186 3688 453 3761 producit
484 3727 501 3755 ,
551 3709 763 3746 novum
817 3710 1023 3745 annum

1110 1373 1299 1421 Ponere
1318 1382 1373 1424 et
1393 1393 1640 1443 apponere
1656 1381 1818 1436 verba
1835 1397 1965 1440 sunt
1984 1390 2091 1442 cal-

1108 1450 1377 1505 culonum
1390 1491 1407 1518 ,
1431 1467 1492 1509 ut
1505 1458 1655 1530 apud
1675 1461 1888 1520 Graecos
1907 1473 2090 1525 τιθέναι

1112 1541 1167 1581 et
1199 1537 1526 1602 προστιθέναι.
1558 1569 1630 1578 ——
1661 1544 1918 1598 Candidus.
1963 1549 2091 1604 Dies

1111 1608 1299 1660 natalis
1324 1611 1532 1680 bonus,
1558 1622 1852 1692 propitius.
1879 1627 1942 1678 C.
2175 1620 2179 1623 ’

1188 1714 1235 1766 3.
1247 1719 1416 1769 Funde
1429 1739 1615 1776 merum
1631 1731 1822 1800 Genio-J
1833 1731 2040 1790 Nascen
2047 1738 2090 1791 ti

1114 1792 1315 1868 cuique
1343 1801 1561 1856 homini
1593 1808 1868 1866 familiaris
1891 1827 1945 1868 et
1969 1837 2091 1890 spe·

1086 1911 1088 1914 <
1113 1875 1257 1932 cialis
1272 1879 1627 1940 addicebatur
1641 1888 2098 1958 Genius‚seuAai-'

1112 1977 1215 2026 μων
1233 1995 1253 2021 ,
1277 1963 1375 2031 qui
1387 1967 1664 2021 'natalibus
1678 1974 1889 2041 praeses,
1905 1974 2087 2048 deque

1110 2037 1226 2106 ejus
1254 2039 1426 2094 salute
1457 2045 1746 2112 sollicitus,
1771 2050 2092 2110 hortabatur

1110 2111 1390 2170 interdum
1415 2132 1508 2186 ut,
1531 2124 1738 2178 omissis
1767 2130 1912 2182 curis
1929 2169 1946 2196 ,
1968 2150 2090 2203 cor-

1110 2210 1215 2263 pus
1238 2207 1291 2248 et
1312 2198 1555 2254 animum
1580 2203 1782 2260 laxaret
1798 2245 1815 2272 ,
1841 2221 1896 2262 et
1916 2210 2086 2266 vitam

1109 2272 1255 2328 laute
1270 2277 1536 2353 beateque
1553 2298 1760 2357 ageret;
1785 2288 1933 2345 unde
1950 2292 2084 2358 haec,

1112 2358 1261 2408 Genio
1274 2362 1546 2431 indulgere,
1565 2385 1668 2437 pro
1681 2369 1784 2423 sibi
1803 2370 2088 2445 indulgere

1107 2437 1592 2517 voluptatibusque
1625 2449 1764 2517 frui3
1799 2463 1853 2505 et
1887 2454 2089 2521 defi-au-

1106 2520 1229 2570 date
1277 2526 1484 2577 Genium
1506 2565 1525 2588 ,
1564 2547 1668 2599 pro,
1712 2532 2088 2604 voluptatibus

1106 2596 1391 2669 abstinere,
1404 2624 1461 2658 se
1471 2606 1620 2661 victu
1633 2628 1732 2661 suo
1747 2609 2087 2681 defraudare;

1106 2692 1161 2732 et
1186 2684 1474 2751 belligerare
1503 2706 1615 2739 cum
1637 2692 1792 2742 Genio
1805 2730 1824 2752 ,
1849 2708 1953 2763 pro
1982 2694 2088 2745 sibi

1106 2759 1620 2837 cupiditatibusque
1653 2769 1936 2841 imperare.
1977 2772 2085 2825 Ge-

1107 2839 1201 2892 nio
1222 2840 1491 2908 libabant,
1509 2847 1668 2899 certis
1687 2847 1908 2914 diebuS,
1933 2852 2088 2922 quod

1108 2933 1259 2991 patet
1281 2942 1349 2976 ex
1372 2923 1563 2979 Horat.
1590 2926 1689 2980 lib.
1717 2930 1778 2981 II
1791 2968 1808 2995 ,
1831 2932 1989 3001 epist.
2018 2950 2042 2987 1
2065 2952 2079 2983 ε

1108 3044 1345 3091 Tellurem
1360 3060 1520 3109 ⁴porco
1533 3083 1548 3104 ,
1569 3048 1810 3101 Silvanum
1833 3053 1955 3101 lacte
1980 3054 2084 3117 pia-

1231 3116 1348 3161 bant
1360 3150 1379 3172 ‚

1106 3186 1325 3233 Floribus
1360 3197 1408 3237 et
1438 3174 1549 3236 ‘vino
1585 3190 1788 3244 Genium
1826 3210 2080 3243 memorem

1230 3260 1389 3306 brevis
1411 3262 1513 3309 aevi.
1902 3262 1914 3274 ²

1106 3381 1162 3423 et
1192 3374 1488 3446 praesertim
1521 3373 1612 3429 die
1651 3379 1813 3431 natali
1844 3380 1868 3449 (
1881 3380 2082 3436 Censo-

1104 3449 1257 3502 rinus
1290 3450 1359 3503 de
1391 3450 1482 3505 die
1517 3456 1754 3526 natali);
1783 3476 1908 3511 nam
1928 3498 1945 3523 ,
1981 3478 2081 3513 cae·

1107 3530 1234 3582 teris
1263 3530 1488 3601 quidem
1515 3532 1705 3587 diebus
1721 3574 1737 3601 ,
1767 3538 1981 3608 quoties
2001 3540 2083 3593 hi-

1102 3607 1265 3661 larius
1293 3630 1355 3663 ac
1382 3613 1582 3665 lautius
1617 3634 1672 3667 se
1708 3618 2079 3689 excipiebant,-

1104 3694 1263 3746 toties
1290 3693 1468 3747 Genio
1495 3714 1646 3749 mero
1677 3715 1738 3749 ac
1763 3716 1894 3751 caesa
1917 3700 2080 3752 etiam

42 3767 219 3823 dando
245 3783 301 3823 et
322 3769 1017 3843 auspicando.—-Apponic.
1098 3774 1317 3829 victima
1350 3812 1367 3841 ,
1421 3794 1616 3851 nempe
1667 3796 1838 3849 porco
1888 3779 2082 3836 bimes-

106 3953 168 3997 V.
206 3968 252 4001 2.
290 3951 537 4018 Appom'c.
574 3942 760 4001 Melius
800 3952 951 4017 quam
986 3944 1234 4018 epponem
1264 3956 1334 4003 ita
1371 3956 1554 4021 optimi
1591 3957 1790 4006 codices
1829 3960 1992 4008 nostri
2031 3970 2082 4009 et

49 4031 298 4087 editiones.
320 4038 490 4087 Vetus
516 4032 679 4083 schol.
699 4046 925 4099 apponet.
948 4036 1072 4085 Cod.
1089 4036 1448 4089 Mentellianus
1468 4067 1484 4095 .
1501 4033 1562 4086 u⁰
1586 4038 1721 4087 8282
1738 4074 1752 4098 ,
1775 4054 2010 4104 apponat.
