2775 4619
466 425 476 435 .-
537 378 661 443 186
944 376 1247 442 VETT.
1302 370 2106 437 COMMENTARII

524 502 748 561 dicunt.
796 503 869 561 Et
918 500 1246 559 seeundum
1295 498 1572 576 physicos
1617 498 1767 555 dixit
1789 542 1808 570 ‚
1855 484 1961 576 qui
2013 496 2254 557 tradunt
2289 496 2568 557 homines

499 599 725 677 „splene
766 598 989 668 ridere,
1026 595 1164 655 felle
1203 596 1408 666 irasci,
1437 595 1638 673 jecore
1675 614 1868 653 amare
1885 637 1903 664 ‚
1933 594 2111 653 corde
2153 614 2356 673 sapere
2372 636 2390 665 ,
2423 595 2570 674 pul-

524 714 703 753 mone
724 695 949 774 jactari.

601 800 674 857 V.
725 810 815 869 14.
861 802 1097 857 Animoe
1127 796 1502 875 praelargus]
1552 795 1782 854 Animae
1828 795 2151 875 praelargus'
2193 796 2340 855 dicit
2383 810 2566 857 vento

522 895 855 955 abundans.

597 994 671 1047 V.
708 991 800 1047 16.
837 995 915 1048 Et
943 990 1219 1053 natalitid
1250 1002 1292 1046 t.
1330 1004 1378 1047 c.
1410 1010 1457 1045 s.
1496 988 1706 1067 albus]
1739 988 2108 1075 Ambiguitas
2147 988 2210 1046 in
2249 992 2558 1060 natalitia,

519 1100 722 1161 utrum
764 1081 895 1145 eain
938 1086 1116 1145 natali
1156 1106 1264 1144 suo
1310 1107 1555 1145 munere
1595 1085 1884 1164 acceperit
1902 1130 1920 1157 ,
1961 1107 2038 1145 an
2079 1098 2310 1145 tantum
2347 1105 2420 1144 eo
2461 1087 2564 1145 die

516 1204 717 1263 gerere
752 1185 971 1243 soleat:
1010 1184 1151 1263 quia
1190 1184 1436 1263 quidam
1457 1182 1694 1264 ,habent
1730 1182 1972 1255 anulos,
2003 1199 2156 1262 quos
2193 1184 2292 1242 die
2328 1196 2562 1241 tantum

515 1282 696 1341 natali
720 1294 947 1361 gerunt.
970 1284 1073 1352 Et,
1099 1284 1298 1353 albus,
1328 1294 1434 1339 aut
1452 1280 1656 1339 festiva
1674 1293 1831 1339 veste
1852 1281 2096 1339 indutus
2110 1326 2126 1353 ,
2152 1294 2256 1340 aut
2275 1283 2564 1340 recitandi

515 1400 730 1457 pavore
753 1422 769 1449 ,
802 1399 867 1436 ac
893 1378 1217 1436 meditandi
1257 1391 1315 1436 et
1353 1378 1646 1436 scribendi
1674 1379 1850 1437 taedio
1877 1379 2254 1456 perfunctus:
2279 1379 2376 1444 vel
2398 1392 2562 1437 veste

516 1476 794 1548 candidii,
818 1476 1087 1567 nondum
1104 1496 1475 1555 purpureum
1499 1475 1748 1554 adeptus
1765 1476 2181 1534 vestimentum
2197 1519 2216 1547 ,
2238 1476 2403 1555 quod
2423 1476 2564 1533 lati-

514 1572 770 1632 clavium
802 1572 1038 1632 dicitur.

594 1681 669 1735 V.
724 1681 815 1737 18.
861 1678 1174 1757 Patr-anti]
1219 1680 1472 1737 Patratio
1519 1690 1608 1737 est
1651 1679 1738 1751 rei
1777 1682 2056 1737 Venereae
2096 1680 2378 1757 perfectio
2404 1724 2421 1751 ‚
2458 1680 2560 1739 vel

420 1826 426 1831 .
511 1776 979 1847 consummati0‚
1006 1776 1167 1834 unde
1206 1788 1266 1833 et
1292 1789 1497 1852 patres
1533 1775 1710 1847 dicti,
1739 1796 1810 1833 eo
1851 1776 2018 1854 quod
2046 1778 2371 1855 patratione
2398 1776 2558 1834 filios

560 1876 847 1939 recreant.

516 1894 558 1951 p
590 1970 681 2043 15.
712 1972 928 2027 Ocello.
935 1976 955 2041 ]
983 1973 1127 2027 Per
1110 1974 1452 2043 υποκόρισματ
1477 1970 1617 2048 quia
1637 1970 1812 2029 illum
1837 1969 2238 2029 contrahendo
2259 1971 2556 2029 minorem

513 2069 670 2125 facit.
698 2072 732 2125 J
735 2068 1035 2126 uvenahs

873 2222 886 2233 .
928 2220 941 2233 .
970 2182 996 2231 ⁴.
1038 2220 1051 2232 .
1093 2220 1107 2232 .
1148 2219 1161 2232 .
1198 2186 1487 2249 Oculosque
1519 2185 1577 2233 in
1610 2184 1717 2233 fine
1742 2196 2021 2233 trementes.

590 2294 663 2349 V.
718 2311 814 2349 21.
859 2292 940 2349 Et
976 2294 1217 2347 tremulo
1260 2292 1616 2366 scalpuntur.
1645 2288 1668 2368 ]
1721 2292 1793 2348 In
1842 2288 2151 2348 libidinem
2197 2290 2550 2348 excitantur.

512 2392 546 2444 J
548 2388 852 2446 uvenalis

1034 2486 1242 2548 .Quod
1266 2486 1404 2534 enim
1430 2501 1540 2534 non
1564 2487 1748 2534 excitat
1773 2485 1963 2551 inguen

862 2569 981 2616 Vox
1004 2567 1213 2627 blanda,
1234 2578 1283 2615 et
1309 2567 1560 2631 nequam?
1584 2567 1767 2632 digitos
1792 2566 1963 2616 habet.

588 2690 661 2744 V.
698 2688 793 2744 26.
832 2689 1022 2764 Usque
1056 2690 1286 2744 adeone
1319 2690 1467 2743 scire
1503 2687 1708 2764 tuum]
1749 2688 1889 2744 Haec
1927 2686 2208 2764 periodus
2233 2688 2395 2764 apud
2421 2690 2555 2744 Lu—

513 2784 744 2842 cillium
775 2784 967 2861 posita
992 2797 1113 2854 est,
1135 2796 1212 2851 ,ut
1232 2787 1329 2842 m‘e
1366 2784 1514 2842 scire
1540 2783 1680 2842 volo
1707 2783 1790 2840 mi
1815 2784 1899 2842 mi
1933 2784 2202 2842 conscius
2228 2788 2435 2855 sum*,
2466 2805 2552 2842 ne

508 2881 793 2940 damnum
824 2882 1053 2940 faciam.
1080 2883 1241 2940 Scire
1274 2881 1390 2939 hoc
1417 2901 1478 2940 se
1508 2882 1724 2952 nescit,
1752 2881 1864 2940 nisi
1890 2880 2038 2940 alios
2066 2881 2130 2939 id
2157 2882 2302 2939 scire
2325 2881 2548 2940 scierit.

587 2991 661 3044 V.
698 2989 791 3045 28.
820 2991 905 3044 At
920 2988 1237 3064 pulchrum
1274 2999 1362 3043 est
1397 2989 1455 3043 d.
1497 2985 1600 3063 m.]
1642 2984 1752 3043 Hic
1791 2987 2109 3064 requiritur
2143 2986 2384 3044 historia
2419 2989 2552 3044 De-

504 3083 825 3143 mosthenis
842 3127 859 3154 ,
888 3087 993 3163 qui
1011 3128 1027 3156 ‚
1054 3082 1193 3143 ciun
1218 3084 1518 3152 transiret,
1546 3096 1606 3142 et
1631 3104 1666 3140 a
1695 3085 2054 3142 mercenario
2077 3083 2330 3142 tabernae
2352 3085 2547 3162 digito

506 3193 927 3240 monstraretur
942 3225 958 3252 ,
990 3182 1176 3240 fertur
1190 3181 1419 3239 laetatus
1437 3201 1588 3252 esse,
1609 3181 1773 3259 quod
1795 3173 1870 3238 ab
1891 3181 2252 3260 ignobilibus
2275 3181 2545 3242 sciretur.

507 3281 583 3336 Et
608 3278 884 3336 Horatius
903 3323 920 3350 ‚
949 3278 1053 3336 lib.
1086 3280 1170 3334 IV
1196 3279 1527 3336 carminum
1545 3321 1564 3348 ‚
1587 3279 1670 3336 sic
1698 3278 1935 3356 posuit:

859 3397 1044 3443 Totum
1069 3397 1291 3444 muneris
1314 3397 1417 3444 hoc
1443 3397 1522 3444 tui
1547 3406 1620 3444 est
1633 3431 1648 3454 ,

857 3475 1010 3537 Quod
1034 3487 1288 3525 monstror
1312 3477 1471 3542 digito
1493 3478 1916 3542 praetereuntium.

582 3583 658 3638 V.
690 3599 786 3656 ²9·
824 3583 969 3636 Ten'
990 3580 1367 3658 cirratorum]
1397 3579 1648 3639 Occulte
1669 3582 1852 3659 tangit
1871 3585 2194 3662 Neronem,
2219 3583 2390 3661 cujus
2413 3602 2544 3640 car-

505 3677 662 3734 mina
680 3718 696 3747 ,
720 3677 861 3754 quia
886 3675 1236 3754 imperabat,
1260 3696 1367 3754 per
1397 3676 1625 3735 scholas
1651 3676 2114 3736 celebrabantur

580 3787 654 3841 V.
684 3786 777 3860 39.
808 3788 983 3842 Nunc
1006 3803 1123 3840 non
1149 3803 1182 3838 e
1208 3784 1470 3862 tumulo]
1500 3785 1794 3842 Tumulus
1817 3785 2034 3843 dicitur
2055 3797 2220 3856 terrae
2240 3786 2536 3862 aggestio,
2579 3858 2582 3860 v

502 3882 647 3940 *ubi
674 3882 843 3941 nulla
870 3895 959 3940 est
980 3881 1278 3942 memoria.
1549 3957 1558 3964 .

582 3989 773 4055 V43.
798 3992 927 4047 Nec
948 3991 1235 4047 scombros
1255 4000 1384 4077 utet.
1414 4010 1534 4046 car.
1561 4009 1668 4046 nec
1692 3989 1828 4068 tusa]
1847 3991 1994 4062 Quae
2015 3990 2270 4048 carmina
2291 3989 2534 4050 nullum
