2775 4619
598 415 716 481 182

1926 273 1955 298 f

1117 415 1195 478 A.
1245 411 1621 476 PERSII
1683 409 2065 477 FLACCI

676 541 890 605 Omne
913 537 1080 601 latus
1101 534 1372 617 mundi3
1402 555 1523 600 nee
1546 535 1632 599 sit
1662 537 2068 624 prestantior
2094 535 2253 600 alter

673 651 1086 742 Cappadocas
1111 650 1322 741 rigida
1355 633 1631 740 pingues
1668 651 1918 740 pavisse
1952 651 2211 715 catasta.

673 768 837 832 Rem
873 764 1147 854 duplica.
1181 764 1378 830 Feci:
1411 767 1545 853 jam
1580 764 1815 856 triplex
1835 813 1855 847 ,
1882 766 2017 852 jam
2050 763 2215 830 mihi
2242 781 2469 854 quarto
2493 815 2511 848 ‚

584 995 749 1031 novas
764 989 819 1030 et
832 975 948 1028 aliis
959 975 1247 1046 irrepertas
1261 993 1558 1048 compares,

585 1072 640 1114 et
659 1060 766 1111 huc
790 1057 1042 1111 advehae.
1065 1059 1127 1110 C.
1147 1069 1201 1110 et
1218 1056 1276 1109 P.

654 1151 738 1217 76.
753 1150 854 1197 Nec
864 1149 1245 1214 sieproestantior
1255 1150 1397 1198 alter.
1398 1144 1561 1216 ]Nul-

582 1228 668 1281 lus
689 1240 803 1280 esto
829 1241 938 1280 tam
963 1228 1140 1299 turpis
1161 1240 1435 1298 quaestus,
1460 1227 1559 1298 qui

582 1309 684 1361 tibi
721 1307 953 1362 sordeat.
997 1307 1357 1378 Mangonium
1393 1308 1564 1379 igitur

583 1407 798 1455 exerce;
818 1401 871 1442 et
894 1387 1078 1454 effice,
1098 1407 1166 1441 ne
1187 1389 1310 1460 quis
1325 1387 1563 1461 paratior

579 1467 650 1520 sit
671 1467 739 1520 ad
757 1466 1054 1520 coemenda
1075 1467 1363 1539 mancipia.
1394 1465 1454 1518 C.

653 1575 743 1626 77.
796 1559 1111 1624 Cappadocas
1157 1558 1322 1624 rigida
1350 1557 1557 1624 pingues

564 1639 761 1704 -pavisse
786 1635 1010 1704 catasta]
1045 1639 1107 1685 Ue
1123 1653 1222 1684 non
1240 1637 1556 1700 siepraesean-

581 1717 676 1766 tior
694 1719 822 1766 alter
835 1717 1038 1782 pavisse.
1066 1713 1433 1766 Hellenismus
1452 1733 1467 1765 x
1493 1726 1559 1767 ut

579 1795 717 1846 alter
743 1813 855 1846 non
881 1794 952 1847 sit
976 1793 1316 1864 praestantior
1343 1793 1403 1846 in
1431 1812 1554 1865 pas-

579 1875 752 1928 cendo
778 1914 796 1939 ‚
833 1893 928 1928 seu
968 1873 1249 1945 pascendis
1287 1874 1466 1928 servis.
1484 1905 1556 1915 —-

580 1959 914 2024 Cappadocas.
945 1957 1072 2007 Vet.
1109 1955 1277 2007 schol.
1319 1953 1557 2026 explicat

577 2036 647 2090 de
669 2036 1087 2108 gladiatoribus:
1111 2035 1207 2088 sed
1228 2035 1334 2090 viri
1359 2035 1560 2089 doetis-

577 2117 699 2169 simi
732 2116 1047 2188 intelligunt
1081 2135 1260 2169 servos
1287 2135 1318 2168 e
1349 2116 1561 2188 Cappa-

559 2197 734 2250 'docia
747 2199 1060 2251 venalitios:
1081 2216 1142 2248 ex
1157 2197 1259 2250 hac
1275 2196 1421 2248 enim
1438 2215 1562 2268 pro-

577 2278 756 2330 vincia
783 2275 1175 2349 pulcherrimi,
1197 2276 1557 2329 robustissimi

577 2370 632 2409 et
666 2358 892 2428 pingues
923 2355 1557 2409 adducebantur.—-Pa-

576 2441 704 2489 visse.
728 2438 835 2487 Alii
860 2437 1051 2509 legunt
1076 2438 1300 2487 clatisisse
1319 2457 1336 2486 .·
1360 2450 1415 2488 at
1439 2437 1555 2489 haec

573 2519 740 2570 lectio
765 2518 994 2589 glossam
1025 2516 1250 2572 redolet.
1278 2517 1384 2569 Alii
1406 2522 1557 2585 plau-

575 2602 684 2649 sisse
702 2636 718 2657 ,
741 2616 852 2649 non
882 2596 1020 2649 male
1047 2610 1100 2648 et
1121 2595 1367 2663 erudite;
1399 2609 1461 2649 ut
1484 2596 1554 2650 sit

576 2696 793 2730 sensus:
821 2678 1064 2749 palpasse
1084 2697 1249 2729 manu
1271 2696 1560 2741 servorum

575 2759 819 2812 membra
831 2795 847 2823 ,
861 2757 932 2810 ad
947 2757 1339 2811 ostendendam
1354 2770 1563 2828 empto-

573 2840 730 2892 ribus
766 2838 968 2891 bonam
1009 2839 1254 2910 corporis
1287 2836 1563 2891 habitudi-

575 2940 704 2972 nem
743 2933 795 2973 et
823 2921 1056 2971 nitorem
1073 2958 1090 2985 ,
1117 2919 1203 2972 vel
1235 2937 1417 2972 servos
1444 2919 1561 2971 lau-

576 2998 760 3053 dando
801 3012 856 3051 et
894 2996 1275 3071 applaudendo
1311 2999 1561 3052 incitasse

576 3078 645 3130 ad
674 3078 1010 3145 saltandum,
1035 3082 1098 3130 ea
1124 3077 1520 3132 consuetudine
1539 3117 1557 3142 ‚

577 3170 632 3211 et
661 3157 993 3211 cantandum
1011 3197 1027 3223 ,
1053 3178 1204 3211 more
1228 3159 1421 3230 patrio.
1448 3158 1557 3212 Sed

575 3239 670 3291 has
694 3238 927 3290 rationes
951 3258 980 3290 e
1007 3252 1116 3291 tam
1137 3233 1441 3313 longinquo
1465 3258 1557 3311 pe-

577 3318 724 3371 tiisse
748 3320 997 3372 Persium
1023 3320 1146 3391 quis
1167 3320 1393 3375 credat?
1422 3340 1558 3395 qua-

1636 987 1868 1049 propter
1879 1014 1895 1042 ‚
1910 975 2204 1031 lectionem
2216 975 2470 1029 codicum
2482 995 2603 1028 non-

1637 1057 1918 1110 nullorum
1935 1057 2296 1129 praetulimus,
2307 1057 2477 1110 veluti
2496 1058 2603 1108 sim-

1636 1137 1923 1207 pliciorem
1967 1146 2021 1188 et
2064 1135 2347 1206 aptiorem.
2361 1165 2433 1175 -—
2448 1135 2606 1202 Rigida

1638 1217 1840 1268 catasta·
1863 1217 1952 1270 Oh
1980 1215 2217 1288 rigorem
2237 1215 2605 1270 servitutis.-

1646 1303 1857 1350 catasta.
1893 1297 2071 1349 Locus
2116 1294 2174 1348 in
2213 1297 2461 1348 Romano
2500 1297 2605 1347 soro

1643 1378 1742 1430 ubi
1767 1377 1910 1432 servi
1936 1377 2145 1430 venales
2166 1377 2605 1448 exponebantur,

1642 1461 1743 1513 ἀπὸ
1765 1464 1849 1512 τοῦ
1890 1461 2203 1518 καθὶςασθαι.
2228 1460 2371 1510 Item
2386 1495 2402 1520 ,
2427 1471 2607 1510 castata

1633 1549 1747 1590 erat
1764 1537 1937 1608 lignea
1960 1555 1991 1588 e
2018 1534 2272 1588 tabulatis
2289 1535 2537 1588 machina
2557 1535 2607 1585 in

1636 1635 1747 1690 qua
1786 1616 1959 1670 vincti
1997 1613 2318 1686 prostabant
2356 1614 2499 1668 servi
2531 1633 2611 1667 ve·

1636 1697 1795 1750 nales.
1813 1695 2048 1750 Martial.
2070 1696 2237 1767 epigr.
2256 1695 2355 1748 lib.
2378 1696 2462 1746 1x
2476 1732 2494 1758 ,
2515 1698 2607 1747 60:

1634 1779 1765 1836 Quos
1783 1791 1950 1824 arcana
1971 1785 2155 1822 servant
2171 1775 2379 1820 tabulata
2396 1785 2578 1822 catasta.

1597 1859 1615 1892 ἱ
1634 1855 1835 1910 Similis
1854 1867 2038 1908 autem
2054 1855 2189 1908 huic
2211 1867 2322 1907 erat
2344 1867 2542 1907 catasta
2560 1855 2613 1904 in

1636 1956 1743 2010 qua
1784 1949 2045 2009 martyres
2082 1935 2215 1990 olim
2248 1933 2616 1988 extendeban-

1638 2030 1751 2070 tur.
1781 2015 1839 2069 P.
1861 2029 1917 2070 et
1935 2019 1998 2069 A.

2712 1666 2714 1744 1

1711 2117 1800 2185 78.
1817 2120 1934 2168 Rem
1949 2119 2165 2182 duplica.
2168 2114 2464 2184 ]Naturam
2480 2133 2631 2166 morae
2714 2125 2716 2144 ¹

1640 2195 1698 2248 hi
1719 2195 1787 2248 de
1808 2213 1919 2268 quo
1944 2196 2191 2268 loquitur
2216 2195 2288 2247 ob
2310 2194 2501 2246 oculos
2522 2213 2618 2264 po-

1637 2277 1751 2331 nit:
1780 2295 1904 2330 nam
1940 2289 2003 2329 ut
2042 2276 2329 2331 temulenti
2364 2275 2517 2328 sitim
2545 2276 2618 2331 vi·

1636 2377 1775 2410 num
1788 2356 2113 2430 ‚hydropici
2126 2377 2264 2429 aqua
2277 2357 2455 2409 irritat
2466 2395 2487 2422 ‚
2506 2376 2617 2409 nou

1636 2437 1821 2505 sedat;
1842 2438 1920 2491 sic
1946 2438 2088 2491 avari
2119 2438 2365 2491 animum
2386 2456 2507 2489 non
2528 2457 2619 2490 ex-

1632 2520 1750 2590 plet
1770 2518 1921 2591 quod
1938 2532 2159 2591 partum
2179 2532 2258 2571 est
2272 2557 2289 2583 ‚
2310 2517 2406 2571 sed
2424 2518 2501 2571 ad
2517 2538 2621 2571 tna-

1630 2603 1748 2671 jora
1768 2599 2201 2672 concupiscenda
2220 2600 2400 2653 allicit.
2412 2599 2619 2653 Iisdem

1637 2699 1779 2752 pene
1800 2681 1980 2734 verbis
2006 2680 2329 2733 sententiam
2357 2681 2622 2749 expressit

1639 2760 1878 2813 eamdem
1896 2760 1967 2811 D.
1989 2759 2217 2812 Basilius
2232 2758 2291 2811 in
2306 2759 2541 2813 homilia
2560 2757 2621 2811 ad

1641 2840 1871 2895 divites:
1899 2847 2121 2899 Πολλῶν,
2148 2840 2256 2904 ait,
2284 2842 2413 2911 ὑμᾶς
2438 2839 2619 2900 ἐνῦεεῖς

1638 2926 1770 2975 ποιεῖ
1821 2922 1877 2975 τὸ
1922 2925 2009 2981 τῆς
2056 2922 2316 2991 ἐπιθυμίας
2370 2922 2621 2992 &andesc-ov.

1640 3006 1741 3062 τοῖς
1799 2997 1931 3055 δέκα.
1982 3001 2243 3061 ταλάντοις
2295 2996 2427 3057 δέκα.
2484 3004 2621 3071 ἔτερα

1635 3084 1913 3154 προςιθέναι
1956 3076 2278 3141 σπουδάζεις.
2320 3076 2531 3133 ἐπειδὰν
2572 3077 2619 3132 δ’

1638 3164 1789 3215 εἴκοσι
1807 3164 2009 3233 γένηται
2023 3199 2041 3224 ,
2060 3161 2187 3213 ἄλλοι
2207 3166 2441 3215 τοσαῦτα.
2463 3163 2619 3221 ἐπιζη-

1637 3246 1755 3303 τεῖς·
1800 3241 1885 3295 καὶ
1930 3243 2005 3294 ἀεί
2054 3260 2133 3294 σοι
2176 3241 2233 3292 τὸ
2275 3243 2615 3311 προςιθέμενον

1639 3322 1745 3390 οὐχὶ
1764 3328 1851 3380 τῆν
1881 3321 2029 3392 ὁρμὴν
2057 3322 2249 3384 ἶςήσιν,
2274 3321 2387 3373 ἀλλ’
2410 3322 2615 3390 ἀναφλέ-

645 3520 713 3565 V.
752 3516 834 3577 76.
865 3496 982 3565 Nec.
1011 3516 1230 3565 Restitui
1260 3534 1326 3565 ex
1357 3516 1511 3565 codd.
1546 3519 1665 3565 Vet.
1708 3516 1867 3564 schol.
1902 3526 1952 3564 et
1990 3525 2107 3582 post
2139 3515 2281 3563 hunc
2318 3518 2615 3565 recentiores

575 3597 767 3647 habent
785 3614 874 3645 ne:
900 3610 1173 3663 utrumque
1199 3598 1344 3647 bene.

644 3726 711 3771 V.
750 3739 835 3784 77.
869 3723 1075 3771 Pavisse.
1117 3726 1191 3771 Ita
1227 3721 1448 3771 Colbert.
1480 3724 1587 3780 ΙΙΙ,
1623 3734 1672 3771 et
1710 3722 1909 3771 Pithoei
1938 3724 1992 3772 1:
2021 3712 2099 3772 ita·
2122 3739 2331 3789 quoque
2365 3724 2485 3771 edit.
2516 3733 2608 3772 vet.

573 3804 800 3853 Britann.
829 3815 880 3853 et
898 3804 1101 3852 Aldina.
1125 3802 1250 3852 Cocl.
1273 3812 1475 3861 noster,
1495 3813 1545 3850 et
1567 3803 1739 3851 decem
1772 3803 1886 3863 alii,

1910 3804 2148 3853 clausisse.
2167 3808 2281 3853 Vct.
2308 3804 2471 3853 schol.
2493 3808 2613 3851 Fau·

575 3884 706 3933 chet.
731 3886 846 3934 cod.
870 3896 919 3933 et
941 3886 1044 3933 duo
1065 3882 1184 3942 alii,
1199 3884 1467 3947 plausisse,
1488 3900 1639 3948 quam
1666 3885 1932 3933 lectionem
1958 3886 2259 3934 recentiores
2277 3895 2582 3949 aeceperunt
2596 3918 2612 3943 ,

573 3975 754 4029 praeter
772 3966 960 4013 Lubin.
982 3963 1351 4015 Weddcrburn.
1372 3975 1424 4011 et
1442 3964 1717 4012 nonnullos
1734 3998 1749 4023 ,
1771 3966 1863 4029 qui
1885 3965 2073 4014 habent
2088 3965 2294 4033 pavisse.
2321 3968 2425 4016 Cur
2452 3975 2609 4013 autem

574 4043 707 4093 hanc
725 4045 834 4093 aliis
851 4045 1153 4110 praetulerim
1168 4078 1184 4105 ,
1203 4044 1306 4092 vid.
1327 4046 1438 4109 sup.
1458 4044 1882 4115 commentarium.

2716 2302 2718 2413 ἱ
