2775 4619
704 410 839 481 Ex
897 362 1209 478 mmm
1260 410 1414 479 vn
1465 410 1790 479 SATIR.
1891 366 1897 379 ’

2126 417 2252 483 261

1180 541 1209 597 I
1226 540 1303 595 X.
1324 558 1331 565 ·

302 634 566 696 Primum
592 634 799 714 fulgit,
825 636 915 693 uti
942 634 1181 694 caldum
1208 654 1279 691 ex
1306 634 1631 693 fornacibu’
1655 636 1895 695 ferrum.

1200 734 1279 789 X.

300 832 544 891 Simavit
572 830 753 889 taxim
780 830 855 889 ad
884 850 1050 890 nares
1067 872 1085 902 ,
1114 827 1432 909 delphinus
1459 843 1528 888 ut
1554 830 1720 913 olim.

1178 930 1238 984 X
1253 929 1303 984 Ι.

298 1024 753 1097 Huncmolere,
780 1025 947 1089 illam
974 1037 1173 1084 autem
1201 1037 1270 1099 ut
1298 1024 1666 1082 frumentum
1685 1043 1935 1085 vanuere
1956 1025 2186 1089 culmis.

1142 1125 1204 1179 X
1223 1125 1250 1178 Ι
1269 1126 1316 1179 Ι.

297 1222 568 1279 Aetatem
592 1233 654 1281 et
678 1220 889 1279 faciem
907 1261 924 1291 ,
951 1233 1019 1277 ut
1048 1240 1179 1298 saga
1208 1230 1267 1277 et
1294 1219 1450 1277 bona
1477 1218 1861 1279 conciliatrix.

1126 1318 1185 1373 X
1204 1320 1232 1373 1
1249 1319 1278 1373 1
1296 1320 1341 1373 Ι.

298 1414 527 1493 Phryne
554 1415 771 1474 nobilis
794 1414 895 1473 illa
922 1415 1026 1473 ubi
1050 1426 1368 1473 amatorem
1391 1412 1718 1492 improbius
1739 1435 1937 1494 quem.

1135 1514 1194 1569 X
1213 1516 1242 1570 1
1255 1516 1329 1572 V.

298 1610 385 1669 Ne
410 1608 736 1669 auriculam
762 1608 994 1669 obsidat
1024 1608 1206 1667 caries
1221 1652 1239 1679 ‚
1263 1629 1339 1668 ne
1362 1610 1808 1688 vermiculique.

1157 1708 1301 1765 xv.
1419 1693 1429 1701 “

299 1804 479 1877 Queis
502 1803 661 1863 oculi
687 1824 809 1863 non
838 1816 1003 1875 sunt,
1030 1823 1223 1882 neque
1250 1822 1457 1862 nasum
1474 1847 1491 1875 ‚
1520 1804 1750 1881 equalia
1777 1817 1970 1865 sunto.

581 1967 585 1975 ¹
1133 1903 1320 1963 XVI.

298 1998 511 2057 Tristes
529 2043 545 2071 ,
570 1998 841 2059 difficiles
866 2002 1093 2069 sumn’,
1119 1997 1438 2055 fastidimu'
1464 1999 1780 2057 bonorum.

1112 2098 1173 2153 X
1186 2098 1238 2152 V
1252 2097 1281 2151 1
1300 2097 1347 2151 Ι.
2070 2159 2076 2169 Ι

296 2192 505 2263 Solam·
519 2212 722 2251 auram
744 2192 1042 2251 adversam
1070 2204 1324 2269 segetem
1340 2192 1692 2251 immutasse
1706 2238 1723 2266 ‚
1749 2202 2105 2270 statumque.

354 2357 361 2363 ,
1087 2292 1211 2348 xv
1228 2293 1255 2348 1
1271 2294 1299 2348 1
1317 2294 1363 2348 1.
1703 2278 1708 2284 '

296 2391 632 2464 Caldisaima
647 2434 665 2463 ‚
690 2410 757 2448 ac
780 2391 929 2450 bene
952 2389 1127 2469 plena
1140 2388 1265 2462 jam
1292 2390 1583 2464 solorum,
1603 2403 1780 2469 atque
1803 2392 2009 2450 anseri'
2032 2392 2242 2452 collus.

1114 2489 1188 2570 *X
1205 2491 1234 2545 Ι
1250 2491 1327 2546 Χ.

292 2569 320 2643 ’.
344 2625 839 2644 .............
870 2587 1017 2642 Rate
1036 2585 1113 2642 ad
1140 2584 1367 2642 catulos
1393 2584 1668 2645 accedere
1693 2585 1980 2644 inultum.

1156 2685 1217 2740 X
1234 2683 1311 2738 X.

290 2780 673 2858 Muginamur
688 2822 704 2851 ,
734 2777 1015 2836 molimur
1032 2819 1049 2849 ,
1079 2777 1493 2838 subducimur.

215 3004 374 3042 essent
398 2993 527 3042 acies
543 3027 559 3055 ,
586 2993 749 3057 primo
782 3007 890 3040 uon
915 2991 1089 3040 multis
1109 2991 1186 3058 ja-

218 3077 341 3124 culis
365 3075 561 3124 inibant
584 3075 833 3140 praelium.

206 3201 215 3205 ,
283 3171 331 3218 9.
353 3156 579 3205 Nonius:
604 3154 769 3220 Fulgit
788 3171 882 3221 pro
906 3153 1081 3219 fulget.

286 3253 363 3285 10.
391 3237 616 3285 Nouius:
644 3236 825 3293 Simat,
851 3235 1097 3299 deprimit.

289 3333 367 3364 11.
404 3317 640 3364 Nonius:
674 3317 955 3362 Evannetur
994 3315 1186 3364 (lictum

215 3408 285 3446 est
301 3398 575 3446 ventiletur
588 3433 603 3456 ‚
626 3399 705 3446 vel
716 3406 975 3447 moveatur
988 3430 1002 3454 ‚
1016 3414 1043 3444 a
1060 3414 1189 3448 van-

212 3495 274 3526 no
286 3515 304 3536 ,
329 3481 386 3526 in
406 3496 505 3542 qua
520 3477 769 3544 legumina
787 3479 1107 3527 ventilantur.

284 3573 362 3604 12.
402 3559 637 3606 Nonius:
672 3562 809 3624 Sagae
844 3559 1077 3606 mulieres
1108 3558 1187 3606 di-

212 3648 396 3685 cuntur
405 3637 600 3686 feminae
614 3638 679 3686 ad
691 3637 952 3686 libidinem
964 3638 1187 3685 virorum

214 3716 553 3782 indagatrices.

286 3811 307 3841 1
318 3796 364 3841 3.
384 3795 515 3851 Non.
536 3794 717 3843 Nobilis
734 3795 919 3842 dieitur
928 3803 1003 3842 est
1013 3805 1185 3842 notus.

286 3881 368 3928 14·
394 3873 622 3923 Nonius:
647 3874 809 3924 caries
833 3886 907 3924 est
933 3885 1185 3936 vetustas,

216 3951 291 4006 rel
314 3953 585 4021 putrilago.

1344 3008 1365 3039 1
1378 2991 1425 3040 5.
1453 2992 1678 3042 Nonius:
1699 2991 1882 3040 Nasum
1908 3009 2086 3058 genere
2111 3009 2242 3046 neu-

1264 3080 1360 3120 tro.

1328 3143 1422 3200 '16.
1448 3153 1672 3201 Nouius:
1697 3153 1964 3204 Genitivus
1988 3172 2132 3206 casus
2149 3175 2246 3224 po-

1268 3233 1396 3282 situs
1414 3251 1510 3298 pro
1532 3235 1825 3284 accusativo.

1344 3332 1365 3362 1
1377 3331 1422 3373 7.
1439 3315 1664 3363 Nonius:
1687 3317 1900 3380 Segetem
1919 3317 2066 3364 etiam
2083 3317 2242 3382 ipsam

1261 3397 1446 3444 'terram
1469 3395 1694 3442 dicimus.

1342 3478 1424 3523 18.
1461 3476 1661 3525 Nonius
1691 3494 1704 3524 :
1741 3476 1898 3524 Callus
1913 3513 1933 3535 ,
1975 3476 2242 3527 masculini

1264 3539 1471 3624 ge’neris.
2123 3572 2133 3576 “

1340 3655 1419 3700 19.
1457 3637 1692 3686 Nonius:
1721 3637 1907 3693 Catuli,
1936 3652 2040 3683 non
2075 3634 2242 3682 solum

1265 3734 1449 3766 canum
1469 3717 1767 3765 diminutive
1780 3749 1795 3774 ,
1807 3731 1991 3782 „verum
2011 3715 2240 3762 omnium

1264 3798 1556 3868 animalium
1573 3785 1898 3861 appellantur.

1339 3890 1420 3922 20.
1443 3874 1670 3924 Nonius:
1695 3871 1978 3938 Muginari,
2005 3886 2250 3946 murmu-

1262 3968 1394 4004 Pare·
