2775 4619
811 375 1501 456 ·SAT1RA1'11.

2130 395 2207 462 81

242 505 412 588 Quis
433 503 626 570 datus
642 553 660 586 ‚
687 519 801 570 aut
822 523 1007 570 metae
1030 487 1473 595 quam'mollis
1498 507 1702 578 flexus
1718 559 1737 593 ‚
1762 522 1829 578 et
1848 511 2061 600 unde3

159 683 310 734 πάνου
352 683 643 754 nepte-poeri-
683 683 766 736 De
812 685 1056 756 corporis
1093 703 1152 738 ac

159 776 362 814 naturae
397 765 660 815 humanae
704 764 990 833 fragilitate
1023 784 1152 818 vere

161 843 278 895 ista:
297 842 444 914 quid
459 843 738 908 dicemus,
754 845 796 895 si
818 843 1154 916 depravatio-

160 941 278 974 nem
293 923 472 974 animi
497 923 846 994 spectemus?
865 925 984 976 Hoc
999 944 1152 977 nem-

162 1031 224 1084 pe
258 1012 422 1084 quod
463 1014 892 1084 Chrysostomus
913 1047 930 1074 ‚
959 1017 1147 1067 Μάθω-
1179 1025 1186 1034 “

163 1115 266 1160 μεν,
283 1094 381 1157 ait,
403 1093 538 1152 τίνες
559 1095 725 1161 ἐσμὲν,
748 1094 831 1147 καὶ
850 1097 986 1166 ἀρκεῖ
1004 1100 1148 1148 ταῦτα

163 1175 228 1234 εἰς
244 1175 701 1246 ταπεινοφροσύνης
726 1175 972 1227 ὑπόθεσιν.
989 1175 1058 1226 Et
1077 1175 1152 1227 ita

165 1264 268 1304 est:
291 1270 486 1324 neque
501 1251 626 1304 fieri
646 1265 827 1323 potest
839 1290 856 1316 ‚
879 1266 942 1308 ut
959 1269 1153 1324 super·-

164 1333 282 1396 bis,
308 1333 404 1385 vel
447 1333 757 1404 arrogantia
791 1335 996 1387 tumeasst
1015 1371 1032 1396 .,
1063 1334 1153 1387 cui

166 1413 332 1466 fuerit
354 1413 662 1485 aliquando
687 1431 830 1466 curae
845 1451 861 1477 ,
881 1414 987 1466 hoc
1011 1416 1154 1467 serio

165 1496 434 1566 cogitare,
459 1509 647 1555 Qvtn
679 1512 920 1547 svmvs.
939 1493 1160 1546 C.—Ec

168 1578 404 1640 quidnam
423 1577 632 1624 victuri.
653 1573 782 1626 Haec
799 1574 960 1626 etiam
984 1593 1156 1645 quaes·

167 1655 242 1708 tio
255 1656 498 1708 cohaeret
516 1673 644 1707 cum
657 1653 985 1725 praecedenti
1001 1673 1013 1706 ε
1032 1675 1157 1708 nam

169 1735 264 1805 qui
282 1735 460 1787 nescit
476 1732 547 1786 ad
568 1753 738 1806 quem
753 1734 920 1787 {inem
945 1748 1156 1788 creatus

169 1827 234 1879 sit
249 1865 266 1892 ‚
293 1827 416 1898 ipse
451 1825 596 1897 quid
635 1827 704 1879 sit
744 1827 975 1898 ignorat.
1011 1819 1056 1880 ὁ
1083 1829 1152 1897 μὴ

171 1903 308 1968 εἰδὼς
343 1909 469 1979 πρὸς
510 1908 535 1958 ὅ
571 1927 619 1958 τι
663 1908 903 1977 πέφυκεν,
935 1910 1020 1959 οὐκ
1057 1903 1156 1960 οἶδ’

173 1989 220 2049 ὅς
250 2009 324 2048 τις
364 1989 488 2048 ste-{v-
519 1989 601 2040 Μ.
641 1987 907 2040 Antonin.
941 1989 1022 2040 De
1049 1987 1156 2040 hoc

172 2068 470 2138 permultas
519 2066 782 2118 habemus
824 2065 1157 2138 sapientium

172 2153 420 2200 veterum
443 2159 504 2201 et
523 2147 804 2218 preclaras
829 2147 1156 2210 sententias3

171 2227 255 2278 alii
293 2228 586 2279 hominem
625 2240 818 2278 natum
859 2225 1055 2279 dicunt
1091 2222 1158 2278 ad

173 2306 446 2360 mundum
465 2305 956 2379 contemplandum
973 2320 1025 2359 et
1043 2306 1162 2359 imi-

175 2388 508 2451 tandum3M.
519 2387 570 2437 Τ
572 2387 664 2439 ull.
682 2388 750 2439 de
763 2388 883 2440 Nat.
899 2389 962 2438 D.
980 2387 1071 2439 lib.
1087 2388 1161 2439 ΙΙ.

174 2470 492 2523 Aristoteles
540 2466 610 2521 ad
647 2467 1070 2545 intelligendum
1109 2481 1162 2535 et

174 2548 444 2621 agendum
468 2570 486 2616 ;
533 2548 758 2622 quidam
805 2549 1130 2621 generaliter
1146 2588 1163 2615 ,

175 2630 239 2683 ad
252 2629 628 2701 cognitionem
643 2648 829 2681 rerum
849 2649 862 2679 =
886 2628 982 2681 sed
996 2628 1164 2681 Stoici

175 2712 406 2782 optime,
419 2708 490 2761 ad
506 2709 928 2783 contemplanda
944 2723 1000 2763 et
1016 2729 1166 2762 enar-

177 2792 343 2845 randa
383 2810 555 2863 opera
601 2792 721 2844 Dei.
773 2794 864 2844 Τὸν
911 2791 1160 2863 ἅνθρωπσν

176 2874 348 2929 θεατὴν
390 2872 653 2943 εἰσήγαγεν
699 2876 722 2925 ὁ
763 2874 886 2933 Θεὸς
920 2875 1068 2925 αὐτοῦ
1105 2893 1162 2925 τε

178 2952 256 3005 καὶ
289 2960 392 3006 τῶν
437 2955 590 3029 ἔργων
639 2960 734 3005 τῶν
781 2954 931 3005 αὐτοῦ
948 2975 960 2987 ·
992 2952 1076 3004 καὶ
1112 2955 1163 3005 οὐ

180 3034 317 3104 μόνον
338 3034 550 3089 θεατὴν,
575 3032 700 3085 ἀλλὰ
717 3034 804 3086 καὶ
827 3032 1072 3103 ἐξηγητὴν,
1084 3035 1169 3084 αὐ-

179 3121 292 3166 τῶν.
309 3115 436 3165 Arr.
454 3113 552 3164 lib.
573 3114 622 3175 1,
639 3132 754 3183 cap.
772 3115 823 3164 6.
839 3114 964 3165 Non
985 3113 1169 3165 minus

181 3205 364 3245 sancte
393 3205 450 3245 et
474 3192 786 3245 humaniter
811 3192 980 3245 iidem
1002 3191 1170 3254 Stoici

183 3272 440 3327 dicebant
463 3292 476 3323 τ
508 3276 753 3324 hominem
791 3276 842 3325 in
869 3278 1171 3343 adjutorium

184 3370 404 3405 mutuum
429 3374 527 3407 esse
546 3370 854 3423 generatum.
869 3386 942 3395 -—
961 3359 1008 3401 V
1004 3356 1150 3405 icturi
1153 3392 1166 3404 .

186 3435 300 3486 Hoc
321 3448 418 3497 est,
437 3436 498 3486 in
511 3435 620 3487 vita
639 3436 843 3501 acturi3
863 3454 990 3486 nam
1005 3439 1172 3485 vivere

184 3516 494 3569 secundum
505 3515 886 3588 Stoicos,quid
903 3514 1054 3569 aliud
1067 3514 1172 3567 nisi

1664 651 1675 668 1

1234 687 1419 758 agere?
1424 689 1553 741 C.--
1560 688 1697 740 Ordo
1712 691 1820 758 quis
1832 695 1988 744 datus.
1999 695 2132 759 Etsi,
2143 696 2214 750 de

1235 766 1429 818 ordine
1446 768 1540 820 illo
1556 759 1859 824 admirabili
1878 811 1894 835 ‚
1916 793 2027 844 quo
2046 779 2217 829 maxi-

1234 865 1357 898 mus
1371 867 1555 900 rerum
1570 847 1761 920 opifex
1774 846 2107 924 sapientiam,
2122 878 2218 929 po·

1232 929 1455 982 tentiam
1502 931 2016 1008 providentiamque
2064 959 2219 992 suam

1229 1010 1548 1064 hominibus
1574 1015 1911 1068 manifestam
1947 1021 2217 1088 praebuit,

1231 1090 1346 1142 haec
1367 1109 1593 1164 quoque
1615 1094 1843 1168 intelligi
1872 1113 2118 1170 queunt;
2140 1114 2220 1153 at-

1231 1183 1431 1231 tamen,
1446 1183 1510 1224 ut
1523 1175 1748 1226 Casaub.
1760 1178 2025 1250 nobisque
2040 1181 2221 1234 visum

1235 1264 1314 1303 est
1331 1289 1347 1315 ,
1369 1253 1531 1304 satius
1561 1255 1702 1308 soret
1722 1294 1739 1320 ,
1766 1257 1808 1308 si
1837 1257 2027 1311 eadem
2048 1261 2223 1314 inter·

1233 1345 1577 1403 pretaremur
1598 1335 1667 1390 de
1680 1339 1802 1404 fato
1825 1352 1879 1392 et
1906 1341 2013 1410 Iege
2035 1361 2223 1396 neces-

1233 1413 1368 1464 saria
1396 1415 1601 1485 cuique
1624 1419 1862 1470 nascenti
1886 1419 2100 1472 homini
2119 1423 2223 1474 im-

1235 1493 1435 1564 posim
1466 1494 1583 1548 scil.
1617 1510 1705 1560 ut,
1737 1502 1865 1551 cum
1901 1517 2133 1574 quaeque
2160 1504 2223 1555 in

1237 1574 1431 1627 ordine
1454 1577 1595 1629 miro
1617 1580 1725 1632 sint
1746 1583 2084 1653 compositae‚
2105 1584 2229 1656 ipse

1238 1671 1401 1709 suum
1445 1675 1667 1732 quoque
1712 1675 1891 1715 servet
1930 1662 2184 1718 ordinem
2203 1700 2223 1729 ‚

1237 1739 1516 1792 neminem
1535 1739 1711 1805 laedat,
1726 1761 1889 1794 suum
1908 1744 2111 1814 cuique
2129 1746 2227 1797 tri·

1233 1817 1393 1883 linat,
1414 1831 1515 1872 etc.
1536 1820 1667 1872 item
1681 1856 1695 1882 ‚
1715 1822 1881 1873 animi
1902 1822 2045 1875 bona
2060 1825 2225 1877 bonis

1233 1899 1350 1952 aliis
1370 1901 1612 1971 corporis
1643 1920 1702 1953 ac
1727 1901 1991 1966 fortunae,
2014 1904 2136 1956 utili
2160 1923 2229 1957 ae

1230 1979 1483 2052 jucundo
1493 1982 1937 2054 anteponendum
1951 1985 2227 2038 existimet

1236 2061 1549 2114 honestum.
1565 2061 1751 2114 Senec.
1764 2063 1933 2134 Epist.
1954 2065 2129 2116 CVII.
2147 2069 2227 2115 Sic

1238 2144 1464 2194 vivamus
1489 2180 1506 2206 ,
1550 2145 1619 2193 sic
1663 2147 1927 2210 loquamur
1957 2165 1975 2194 .·
2016 2159 2228 2212 paratos

1240 2245 1327 2275 nos
1359 2227 1579 2276 inveniat
1607 2241 1759 2292 acque
1790 2227 2021 2294 impigros
2036 2229 2228 2292 fiztum.

1241 2301 1334 2357 1150
1361 2321 1435 2357 esc
1464 2326 1673 2391 magnus
1702 2309 1895 2358 animus
1922 2309 2013 2375 qui
2037 2327 2107 2359 se
2116 2314 2227 2359 Deo

1244 2390 1465 2438 tradidit.
1492 2395 1565 2440 At
1584 2404 1757 2439 contra
1772 2392 1981 2456 pusillus
2000 2409 2061 2439 ac
2082 2392 2228 2458 dege-

1243 2486 1368 2528 ner,
1402 2470 1494 2535 qui
1530 2472 1839 2529 obluctatur,
1872 2484 1927 2519 et
1964 2472 2025 2519 de
2056 2473 2231 2520 ordine

1247 2552 1420 2599 mundi
1439 2552 1567 2599 male
1590 2553 1867 2609 existimat,
1894 2564 1944 2599 et
1965 2553 2231 2599 emendare

1245 2632 1430 2680 mauult
1450 2633 1580 2678 Deos
1604 2631 1755 2695 quc'zm
1788 2648 1922 2679 se....
1945 2630 2009 2679 In
2042 2642 2231 2682 mente

1243 2722 1429 2762 autem
1473 2710 1787 2763 Stoicorum
1830 2714 2050 2761 ordinem
2070 2750 2085 2772 ‚
2131 2724 2232 2763 aut

1245 2810 1410 2843 rerum
1425 2794 1642 2841 ordinem
1661 2789 1807 2843 idem
1828 2810 1941 2843 esse
1956 2809 2017 2841 ac
2037 2790 2229 2855 satum,

1245 2871 1401 2922 nullo
1428 2869 1593 2922 modo
1617 2886 1685 2922 ex
1712 2872 1795 2922 his
1824 2870 2041 2922 Senecae
2063 2869 2229 2921 dubi-

1248 2964 1359 3004 tare
1394 2969 1686 3021 possumus
1716 2970 1727 2999 :
1762 2952 1920 3001 Causa
1941 2954 2130 3017 pendet
2164 2968 2232 3000 ex

1249 3052 1397 3083 causa
1409 3052 1429 3091 ;
1442 3035 1639 3097 privata
1652 3070 1669 3090 ‚
1680 3033 1887 3100 publica
1914 3035 2087 3099 longus
2108 3034 2232 3081 ordo

1249 3132 1413 3163 rerum
1434 3114 1601 3161 trahit.
1620 3109 1753 3162 Vid.
1772 3111 1871 3162 lib.
1894 3112 1984 3163 cui
2006 3112 2197 3165 titulus
2211 3130 2227 3163 t

1257 3196 1420 3257 Quare
1464 3195 1597 3242 bonis
1632 3194 1767 3241 veris
1808 3195 1943 3242 mala
1985 3195 2237 3245 accidant.

1252 3271 1410 3324 Idem
1434 3272 1677 3325 Natural.
1699 3274 1903 3337 Quaest.
1932 3272 2025 3324 lib.
2048 3274 2107 3323 II
2128 3280 2147 3323 τ’
2166 3275 2239 3323 sie

1210 3366 1219 3381 ¹
1249 3354 1468 3403 ordinem
1512 3373 1675 3403 rerum
1704 3355 1815 3420 fati
1856 3368 2045 3403 aecerna
2090 3357 2237 3403 series

1251 3446 1407 3493 rotat,
1428 3435 1566 3502 cttjus
1582 3435 1689 3483 hoec
1699 3436 1865 3499 prima
1884 3437 1967 3484 Iex
1985 3448 2079 3493 est,
2102 3448 2233 3484 stare

1253 3516 1459 3565 decreto.
1494 3515 1579 3565 Ita
1602 3516 1715 3581 fieti
1746 3518 1868 3566 ordo
1906 3525 1986 3565 est
2024 3513 2116 3564 illa
2140 3518 2232 3583 ἐμ·-

255 3672 318 3718 V.
343 3671 434 3717 68.
467 3669 586 3731 Quis
613 3668 786 3726 datus,
814 3680 908 3716 auc
929 3680 1072 3716 mecae
1103 3666 1255 3731 quc'zm
1291 3668 1451 3716 mollis
1466 3667 1667 3735 flexus,
1688 3668 1739 3714 et
1764 3666 1906 3713 unde.
1926 3668 2043 3713 Vct.
2076 3664 2235 3712 schol.

185 3749 448 3797 Fauchetii
464 3748 582 3797 cod.
601 3758 654 3795 et
671 3752 893 3813 quatuor
911 3750 1013 3807 alii,
1031 3760 1174 3795 meta·
1193 3764 1311 3811 qua.
1327 3746 1525 3794 Thoan.
1552 3746 1667 3809 Quis
1682 3746 1847 3802 datur,
1868 3756 1959 3792 aut
1972 3754 2114 3791 mecoe
2132 3758 2237 3807 qua

190 3829 552 3899 mollisfleoeus,
561 3842 628 3876 ec
649 3830 808 3877 unde:
835 3844 942 3877 non
967 3827 1094 3876 mala
1119 3827 1226 3875 haec
1249 3828 1429 3887 lectio,
1454 3838 1505 3877 et
1524 3830 1655 3876 forte
1679 3828 1839 3893 priori
1858 3824 2233 3890 anteponenda.

190 3910 254 3957 Et
273 3920 358 3957 est·
365 3924 577 3957 sensus:
601 3909 711 3972 quis
730 3908 850 3955 ordo
873 3908 1044 3956 datur.
1041 3914 1062 3945 ν’
1088 3924 1189 3970 qua
1223 3908 1558 3979 mollisfleoeus
1578 3920 1721 3955 metae
1747 3906 2093 3971 suscipiendus
2124 3914 2201 3953 cst
2214 3892 2239 3953 Ρ

193 4000 240 4037 et
255 3991 382 4038 unde
395 3988 854 4055 proficiscendum.
842 3991 864 4023 ’θ
887 3988 1013 4039 eod.
1029 4000 1214 4048 noster,
1230 3989 1401 4053 quam.
1420 3990 1601 4037 Nostra
1620 3988 1739 4035 edit.
1752 3988 1875 4036 Ald.
1895 3986 2048 4035 habet
2068 3985 2237 4052 quiun-

195 4096 260 4131 --,
273 4071 422 4121 Unde.
450 4070 586 4121 Male
607 4072 814 4121 Pratens
827 4102 842 4132 ‚
865 4070 1045 4145 undae.
1063 4080 1122 4119 ut
1141 4070 1205 4119 sit
1233 4070 1511 4122 similitudo
1533 4087 1561 4118 a
1578 4069 1893 4123 naumachia.

1972 4138 2016 4201 6
