2775 4619
61 2415 65 2456 's

557 415 563 421 .
648 354 785 421 EX
844 356 1161 423 LIBRO
1219 356 1331 423 IX
1386 358 1709 426 SATIR.

2071 368 2199 455 267

214 482 418 555 Quod
448 500 693 539 mancus
712 524 729 554 ,
756 481 933 540 miser
949 524 967 554 ,
997 482 1166 541 exilis
1186 526 1204 553 ‚
1233 483 1450 542 ramice
1470 504 1705 566 magno.

1039 581 1101 637 X
1114 583 1167 639 V
1179 583 1208 639 1
1228 582 1257 637 1
1277 584 1327 639 Ι.

215 675 483 754 Arripio
512 687 803 747 rostrum,
830 674 1132 754 labiasque
1161 675 1341 755 hujus
1366 677 1665 755 Zephyri,
1693 689 1872 758 atque
1894 680 1979 739 im

220 774 549 844 Pei-cutio,
574 772 922 851 denteisque
944 773 1219 833 adversos
1246 774 1484 833 excutio
1513 794 1735 835 omnes.

206 880 210 883 ·
1079 872 1140 927 X
1158 873 1186 927 Ι
1204 874 1283 929 X.
1347 869 1359 880 ⁸

220 968 387 1025 Nam
410 965 657 1025 laterem
680 965 786 1045 qui
810 966 979 1025 ducit
992 1008 1010 1037 ‚
1035 966 1215 1027 habet
1235 966 1385 1025 nihil
1407 967 1662 1047 amplius
1682 988 1946 1049 unquam
1962 1015 1983 1044 ‚

221 1066 435 1135 Quam
462 1082 779 1122 commune
802 1063 999 1122 lutum
1024 1084 1057 1122 e
1084 1064 1297 1141 paleis»,
1325 1084 1680 1143 coenumque
1704 1081 2023 1127 aceratum.

1106 1164 1167 1219 X
1184 1164 1261 1220 X.

228 1258 294 1317 Si
322 1258 483 1317 nihil
512 1258 586 1317 ad
616 1258 826 1317 faciem
843 1300 861 1329 ‚
888 1270 949 1317 et
976 1258 1173 1317 solum
1200 1259 1377 1339 lupa,
1407 1260 1924 1342 prostibulumque

229 1354 488 1412 Nummi
518 1374 671 1435 opus
698 1368 875 1435 atque
902 1356 1064 1415 assis.

1075 1455 1136 1510 X
1156 1455 1215 1509 X
1230 1456 1278 1510 1.

251 1589 673 1607 ...........
703 1548 863 1621 Quid
892 1566 1001 1629 ego
1019 1593 1037 1621 ‚
1068 1550 1129 1607 si·
1146 1566 1322 1609 cerno
1349 1562 1541 1609 ostrea
1560 1594 1576 1623 ,

236 1645 562 1723 cognorim
584 1644 833 1705 fluvium
853 1690 871 1720 ,
895 1646 1109 1704 limum
1134 1666 1202 1705 ae
1228 1667 1474 1718 coenum,
1493 1667 1693 1726 sapere
1716 1647 1913 1727 ipsum
1928 1650 1956 1705 ἰ’

1050 1746 1111 1801 Χ
1129 1747 1189 1804 X
1206 1746 1235 1801 1
1251 1747 1299 1802 Ι.

200 1886 205 1891 .
236 1839 679 1911 Frumentarius
701 1852 822 1914 est,
842 1840 1119 1901 modium
1142 1840 1239 1899 hic
1265 1861 1468 1901 secum
1487 1854 1666 1922 atque
1689 1842 1974 1903 rutellum

240 1937 372 1997 Une
396 1936 589 1999 affert.

1035 2038 1328 2097 XXIII.

256 2158 471 2191 §CO-O·-
498 2172 1192 2192 ΟΟΟΟΟΟΟΟΟΟΟΟΟΟΟΟΟΟ

1218 2174 1434 2191 ......
1463 2133 1696 2193 Labore

243 2230 479 2290 Discere
496 2274 513 2304 ,
542 2251 617 2289 ne
640 2242 699 2291 te
728 2250 823 2290 res
848 2232 1007 2309 ipsa,
1030 2224 1101 2289 ee
1124 2232 1274 2291 ratio
1299 2231 1424 2311 ipsa
1447 2230 1697 2291 refellat.

1041 2331 1103 2388 X
1120 2333 1181 2390 X
1196 2334 1228 2388 1
1241 2333 1311 2388 V.

244 2425 469 2506 Rugosi
494 2426 765 2506 passique
791 2444 958 2486 senes
980 2427 1189 2506 eadem
1216 2428 1414 2486 omnia
1437 2439 1730 2506 quaerunt.

1021 2526 1080 2582 X
1098 2526 1157 2582 X
1174 2525 1236 2580 X
1248 2527 1321 2583 V.

248 2621 339 2678 Tu
357 2619 512 2678 milli
535 2621 851 2680 nummum
878 2633 1050 2700 potes
1074 2641 1199 2680 uno
1226 2623 1490 2699 quaerere
1517 2632 1778 2679 centum.

247 2844 322 2892 18.
364 2843 561 2894 Nonius
589 2861 602 2892 :
655 2845 877 2892 Rostrum
912 2843 1143 2894 ,hominis

183 2920 473 2983 dici.-Im,
492 2924 547 2972 id
574 2935 677 2984 est,
704 2941 848 2974 eum..

249 3019 323 3066 19.
349 3004 575 3052 Noniusz
597 3005 862 3051 Acer-osum
888 3015 937 3051 et
960 3021 1141 3054 acera-

185 3093 273 3131 tum
306 3093 571 3148 utrumque
611 3099 747 3132 nove
780 3084 1025 3149 positum,
1054 3086 1141 3136 sed

184 3162 371 3212 distante
396 3163 697 3230 proprietate
724 3164 988 3230 signatum.
1007 3167 1142 3214 Ace-

186 3259 334 3293 rosum
362 3260 575 3310 namque
611 3259 793 3310 panem
816 3246 945 3293 farre
975 3245 1141 3294 minus

185 3335 374 3392 purgato
388 3361 404 3386 ,
420 3343 512 3375 nec
533 3327 765 3375 sordibus
784 3343 813 3374 a
830 3328 1045 3378 candido
1062 3345 1139 3376 se-

186 3412 337 3470 parato
350 3407 613 3456 dicendum
623 3417 809 3456 veteres
820 3419 1137 3472 putaverunt.

186 3487 428 3550 Aceraturn
446 3503 561 3536 vero
580 3498 653 3536 est
669 3488 832 3536 lutum
850 3488 1006 3553 paleis
1024 3489 1139 3536 mis·-

189 3575 282 3616 tum
295 3602 309 3626 ,
327 3578 381 3615 ut
400 3567 615 3617 latei-arii
636 3586 754 3618 usus
773 3579 861 3617 est.

251 3663 325 3696 20.
340 3649 465 3697 Non.
490 3649 704 3699 Genitiv.
720 3651 912 3716 positus
928 3665 1023 3715 pro
1042 3649 1137 3698 abl.

252 3744 328 3776 αι.
355 3731 481 3778 Non.
514 3733 711 3790 Ostrea,
736 3731 930 3797 generis
952 3733 1134 3780 neutri.

192 3809 349 3858 Juven.
370 3822 456 3860 sat.
479 3814 629 3862 VIII:

194 3891 325 3948 Dignus
336 3906 450 3936 morte
462 3899 579 3952 perit,
589 3906 713 3938 coenet
724 3897 819 3938 licet
831 3909 955 3939 ostrea
970 3908 1139 3940 centum.

248 3987 273 4022 ο
280 3973 861 4047 2.N0n3Rutrum‚dictum
870 3994 896 4026 a
907 3977 1141 4028 radendo.

1296 2843 1379 2890 23.
1408 2839 1605 2891 Nonius
1625 2858 1637 2890 ε
1663 2839 1862 2888 Discere
1882 2850 1954 2889 est
1976 2839 2202 2906 ignotam

1220 2937 1327 2970 ren
1353 2921 1642 2970 meditando
1664 2920 1875 2983 assequi.

1293 3010 1374 3058 24.
1401 3002 1626 3051 Nonius:
1647 3003 1845 3048 Passum
1858 3034 1876 3058 ,
1902 3009 1976 3050 est
1997 3001 2201 3068 proprie

1219 3098 1460 3147 rugosum
1485 3081 1566 3129 vel
1591 3082 1795 3130 siceum.

1292 3163 1374 3210 25.
1409 3163 1470 3210 A.
1505 3162 1696 3210 Gellius
1716 3197 1730 3223 ,
1759 3161 1848 3210 lib.
1882 3164 1938 3222 1,
1969 3179 2076 3228 cap.
2100 3163 2203 3218 ,162

1222 3245 1327 3291 Uno
1348 3243 1476 3313 1ῃίΗί
1494 3241 1746 3295 ηιυηηιίὶιη
1761 3279 1778 3302 ,
1801 3260 1898 3309 pro
1926 3245 2040 3292 unis
2062 3244 2202 3292 mille

1214 3325 1466 3374 nummis:
1501 3337 1770 3390 aperteque
1812 3325 2033 3374 ostendit
2069 3323 2204 3372 mille

1210 3397 1267 3453 ⁴et
1284 3405 1588 3454 vocabulum
1616 3422 1746 3466 esse,
1765 3415 1816 3452 et
1839 3405 2080 3471 singulari
2098 3418 2204 3451 nu-

1216 3505 1353 3536 mero
1382 3487 1508 3546 dici,
1534 3487 1740 3552 ejusque
1765 3483 2074 3552 plurativum
2097 3500 2203 3532 esse

1217 3569 1401 3628 millia,
1425 3580 1475 3618 et
1498 3585 1665 3618 casum
1691 3567 1844 3618 etiam
1868 3583 2042 3632 capere
2063 3565 2202 3613 abln-

1215 3653 1377 3701 tivum
1395 3669 1410 3712 3
1431 3641 1594 3716 neque
1621 3662 1827 3700 caeteros
1849 3665 1991 3698 casus
2010 3643 2204 3712 requiri

1217 3742 1452 3796 oportere
1475 3765 1491 3791 ,
1527 3729 1643 3780 oiim
1683 3731 1787 3778 sint
1831 3729 1925 3776 alia
1965 3728 2204 3793 pleraque

1216 3813 1461 3864 vocabula
1477 3847 1492 3872 ‚
1518 3829 1628 3877 quae
1659 3813 1716 3859 in
1749 3811 1973 3876 singulos
2004 3818 2204 3857 tantum

1220 3911 1363 3944 casus
1377 3929 1393 3954 ,
1413 3894 1642 3959 quaedam
1665 3894 1816 3960 etiam
1829 3927 1847 3957 ,
1867 3908 1978 3962 quae
2004 3891 2062 3944 in
2082 3889 2204 3952 nul-

1219 3977 1328 4028 lum
1350 3977 1676 4028 declinentur.
1797 3997 1802 4004 ·
