2775 4619
612 429 697 496 58

604 1110 693 1164 nia
716 1109 830 1160 Diis
853 1105 1232 1180 pretiosissima
1257 1102 1400 1156 dona
1419 1101 1585 1156 offer-

606 1201 751 1244 rent.
792 1191 995 1249 Oratio,
1018 1186 1199 1240 minor
1232 1184 1546 1254 triumphus
1565 1219 1584 1246 ‚

606 1270 785 1330 dictus
823 1269 890 1321 ab
931 1287 1033 1322 ove
1062 1286 1183 1340 quai
1216 1278 1351 1318 tunc
1392 1276 1585 1316 macta·

603 1351 766 1402 latur
780 1385 797 1413 ,
819 1349 957 1401 sicut
976 1349 1077 1400 bos
1103 1348 1162 1398 iu
1182 1345 1373 1416 majori
1393 1345 1584 1396 trium·

604 1431 753 1501 phe,
778 1427 931 1501 quod
963 1423 1219 1480 omuibus
1253 1437 1446 1477 notum
1482 1436 1580 1476 est.

602 1510 817 1563 Persius
830 1522 1013 1562 autem
1024 1507 1261 1579 appellat
1278 1525 1456 1556 aarum
1473 1525 1584 1556 ova-

604 1604 707 1640 tum
740 1588 895 1662 quod
935 1587 1099 1642 Ovid.
1142 1588 1299 1658 epist.
1342 1585 1413 1639 ad
1450 1585 1587 1639 Ger·

604 1669 799 1720 manic.
816 1669 914 1720 lib.
931 1668 1019 1732 11,
1036 1665 1105 1719 de
1124 1667 1300 1720 Ponto
1315 1703 1332 1731 ,
1352 1665 1588 1737 appellat

606 1767 785 1800 aurum
814 1763 1141 1815 tropaeorum·-

602 1845 769 1905 Deque
790 1853 1075 1904 trepontum
1090 1841 1220 1903 quod
1234 1840 1305 1885 sol
1314 1839 1587 1885 incendent

726 1930 858 1960 auro.
1372 1911 1422 1956 C.
1440 1920 1485 1956 et
1506 1912 1557 1954 P·

675 1999 765 2054 56.
802 2001 1036 2050 Perducis
1058 1996 1272 2066 factes-J
1318 1992 1544 2047 Inducis
1563 2030 1584 2058 ‚

603 2080 803 2134 oblinis
822 2080 980 2132 facies
996 2117 1013 2144 ,
1036 2079 1207 2131 immo
1234 2088 1373 2129 totas
1390 2073 1548 2128 ducis
1565 2111 1585 2138 ‚

603 2173 659 2214 et
693 2179 761 2214 ex
786 2179 919 2212 auro
956 2157 1135 2212 solido
1167 2158 1315 2210 facis.
1329 2187 1402 2196 —
1419 2161 1548 2206 Nam
1565 2193 1583 2216 ‚

588 2240 783 2305 fratres
824 2243 955 2290 incer
999 2241 1201 2290 ahenos.
1241 2240 1370 2290 Vet.
1412 2237 1582 2292 schol.

606 2346 629 2368 ι
650 2323 828 2372 Acron
854 2320 1055 2383 tradit,
1086 2317 1239 2391 quod
1270 2318 1329 2370 in
1362 2320 1582 2388 porticu

604 2426 628 2448 ι
648 2400 918 2471 Apollinis
952 2399 1181 2453 Palatini
1218 2400 1444 2471 suerunt
1475 2401 1582 2451 Da·

603 2506 625 2528 ι
648 2478 877 2533 naidum
898 2480 1101 2551 effigies
1123 2516 1139 2543 ‚
1160 2492 1219 2533 et
1246 2492 1434 2531 contra
1462 2498 1546 2531 eas
1561 2517 1580 2545 ‚

563 2596 568 2600 -
602 2586 627 2607 ι
650 2559 753 2613 sub
770 2558 937 2625 divo,
961 2558 1195 2615 totidem
1216 2572 1492 2631 equestres
1516 2558 1582 2609 fi-

604 2662 627 2701 «,
647 2641 853 2693 liorum
872 2640 1124 2713 Aegypti.
1162 2642 1247 2693 Ex
1279 2642 1364 2692 his
1397 2654 1584 2693 autem

604 2746 627 2767 α
648 2720 838 2775 statuis
854 2720 1103 2791 quaedam
1121 2720 1447 2774 dicebantur
1461 2740 1584 2791 pos·

604 2826 627 2848 ι
652 2799 955 2853 tulantibus
1006 2818 1106 2871 per
1158 2815 1428 2852 somnum·
1455 2800 1582 2851 dare

603 2906 626 2928 ι
648 2882 887 2935 oracula.
906 2906 929 2927 ι
958 2880 1049 2933 Illi
1066 2881 1385 2933 assentimur
1402 2900 1418 2947 3
1441 2900 1587 2934 nam·

599 2980 705 3032 que
733 2962 849 3013 banc
880 2980 995 3015 nou
1022 2974 1251 3033 possunt
1273 2961 1341 3015 de
1362 2964 1582 3015 Castore

600 3054 655 3093 et
692 3042 916 3098 Polluce
955 3042 1221 3114 intelligi,
1252 3055 1315 3095 ut
1357 3042 1584 3114 quidam

596 3122 825 3184 volunt,
858 3135 1087 3193 propter
1114 3122 1428 3175 adhibitum
1457 3124 1584 3194 plu·

596 3198 765 3250 talem
786 3218 1079 3253 numerum
1098 3238 1115 3265 ‚
1136 3221 1299 3254 versu
1322 3203 1396 3261 ‚58
1411 3240 1425 3263 ,
1445 3222 1581 3269 prce-

594 3283 733 3346 0ipui
752 3296 893 3331 sunto
912 3302 935 3341 ;
970 3300 1084 3353 quo
1112 3283 1281 3335 verbo
1310 3302 1425 3333 non
1456 3300 1584 3334 usus

598 3371 735 3411 esset
749 3396 767 3423 ,
790 3360 835 3411 si
854 3358 923 3413 de
948 3360 1167 3413 duobus
1188 3374 1406 3427 tantum
1421 3367 1588 3433 poeta

597 3439 787 3491 fuisset
814 3440 1051 3493 locutus.
1081 3444 1145 3493 A.

668 3520 753 3591 57.
786 3525 983 3574 Somnia
1019 3524 1218 3588 pituitlz'.
1238 3560 1250 3571 .
1268 3560 1280 3572 .
1299 3560 1311 3573 .
1335 3525 1586 3589 purgatis-

596 3598 770 3670 sima]
810 3600 935 3651 Non
968 3600 1149 3652 omnia
1186 3602 1588 3670 reputabantur

598 3679 805 3731 somnia
850 3678 1027 3732 futuri
1064 3678 1269 3731 iudicia
1310 3693 1473 3732 certa.
1512 3682 1588 3733 Ea

1143 423 1226 487 A.
1278 419 1650 486 PERSII
1711 419 2152 482 FLACCI=

696 551 1006 618 Perducis
1041 548 1255 614 facies·
1290 547 1461 612 Nam
1482 592 1500 626 ‚
1533 544 1761 610 fratres
1791 543 1966 611 inter
1996 541 2268 626 ahenoe,

696 668 961 733 Somnia
996 665 1231 754 pituita
1266 661 1382 751 q'ui
1418 660 1865 750 purgatissima
1901 659 2168 722 mittunt
2187 706 2206 740 ,

658 862 663 874 .
697 780 1016 868 Praecipui
1052 795 1247 847 sunto
1269 825 1288 858 ‚
1322 777 1536 866 sitque
1569 775 1694 838 illis
1729 797 1926 838 aurea
1959 773 2181 838 barba.

694 899 988 977 Aurum,
1014 915 1162 957 vasa
1187 893 1420 956 Numae
1436 939 1456 972 ‚
1486 890 1912 976 Saturniaque
1941 887 2202 976 impulit
2229 910 2352 951 oera
2368 937 2389 969 ,

1665 1097 1949 1165 somnum,
1977 1099 2116 1152 circa
2149 1099 2490 1152 matutinum
2517 1112 2650 1152 tem-

1665 1199 1786 1252 pus.
1799 1181 1882 1232 En
1901 1199 1960 1233 ea
1976 1199 2096 1252 quae
2108 1181 2646 1248 pituitdpurgacaekshna
2723 1207 2725 1246 5

1663 1265 1853 1314 somnia
1874 1275 2030 1316 vocat
2054 1261 2287 1322 Persius.
2309 1264 2374 1316 A.

1737 1341 1825 1396 58.
1849 1344 2016 1408 Sitque
2033 1344 2126 1392 illis
2143 1361 2299 1392 aurea
2323 1344 2524 1408 barba]
2545 1339 2648 1404 Iis,
2723 1379 2725 1412 ξ

1664 1439 1800 1494 quos
1834 1421 2066 1474 maxime
2107 1421 2356 1482 colebant
2375 1458 2391 1484 ‚
2421 1421 2644 1472 barbam
2723 1423 2725 1492 ζ

1663 1519 1884 1554 auream
1910 1501 2221 1554 tribuebant
2250 1501 2366 1554 Diis
2385 1539 2402 1566 ,
2423 1519 2645 1572 praeser-
2724 1493 2725 1502 ¹

1665 1583 1766 1636 tim
1783 1584 1818 1635 J
1820 1583 1928 1648 ovi,
1947 1583 2209 1654 Apollini,
2225 1583 2529 1648 Mercurio,
2543 1596 2640 1634 etc.
2724 1583 2725 1642 J

1666 1663 1748 1714 Ita
1760 1700 1780 1725 ‚
1803 1665 1930 1715 cum
1949 1661 2186 1732 aliquem
2207 1662 2492 1718 minorum
2507 1663 2641 1714 Deo·
2723 1663 2725 1704 ἶ

1665 1761 1794 1796 rum
1844 1744 2125 1817 praecipuo
2174 1743 2387 1796 honore
2431 1742 2610 1796 colere
2625 1778 2642 1806 ,

1666 1835 1720 1874 et
1750 1824 1902 1894 quasi
1929 1842 2053 1875 cum
2083 1825 2288 1916 magnis
2316 1823 2434 1877 Diis
2460 1841 2644 1876 conso·
2723 1829 2725 1844 ¹

1665 1905 1807 1956 ciare
1846 1903 2076 1974 dignum
2111 1902 2544 1974 judicavissent,
2571 1901 2641 1954 illi

1664 1983 1885 2036 barbam
1906 2001 2122 2034 auream
2141 1980 2344 2033 dabant
2357 2019 2374 2046 ‚
2395 1981 2550 2054 quod
2567 2001 2642 2034 su·

1664 2062 1959 2134 perstitiosi
1978 2075 2032 2114 et
2051 2063 2194 2114 avari
2215 2063 2392 2114 nostri
2411 2064 2642 2116 hocloco
2724 2075 2725 2108 ῐ

1668 2144 1908 2197 faciunt:
1925 2133 2172 2210 proe'cipui
2187 2158 2358 2203 sunto,
2381 2147 2545 2210 sicque
2561 2144 2645 2196 illis

1663 2244 1821 2274 aurea
1843 2227 2016 2282 barba..
2035 2224 2100 2275 A.
2723 2233 2725 2290 ξ

1738 2305 1819 2375 59.
1847 2309 2039 2355 Aurum
2059 2343 2076 2365 ,
2105 2324 2236 2355 vasa
2272 2307 2483 2365 Numae,
2518 2303 2637 2377 eto-,J
2723 2295 2725 2329 l

1661 2388 1900 2451 Aurum,
1923 2386 2045 2439 fons
2067 2386 2319 2437 omnium
2341 2386 2609 2439 malorum
2623 2424 2639 2451 ‚
2724 2416 2725 2419 =

1663 2468 1881 2533 impulit,
1908 2484 1938 2517 e
1960 2465 2177 2535 templis
2199 2463 2397 2536 dejecit
2418 2484 2544 2519 vasa
2561 2466 2642 2517 illa
2723 2484 2725 2499 ³

1663 2546 1928 2617 simplicia
1959 2559 2012 2599 et
2048 2546 2268 2612 fictilia,
2299 2546 2640 2617 quibusute·

1661 2626 1820 2679 batur
1855 2626 2222 2681 sanctissimus
2255 2628 2360 2680 iste
2395 2646 2533 2695 rex;
2561 2648 2642 2681 au·

1662 2726 1790 2761 rum
1830 2724 1992 2759 mutae
2025 2709 2248 2763 vestales
2297 2728 2464 2763 urnas
2489 2747 2508 2769 ,
2546 2723 2638 2764 etc.

1663 2818 1734 2828 -
1761 2792 1889 2839 Vasa
1934 2792 2122 2839 Numoe.
2175 2788 2432 2841 Testacea
2459 2827 2479 2853 ‚
2533 2790 2641 2843 sim·

1665 2868 1830 2939 plicia
1859 2904 1876 2933 ‚
1931 2868 2110 2941 qualia
2165 2868 2420 2923 adhibuit
2476 2870 2642 2921 Numa

1666 2949 1972 3021 Pompilius
2011 2951 2391 3021 religiosorum
2435 2951 2640 3003 rituum

1661 3028 1813 3101 apud
1845 3032 2118 3083 Romanos
2153 3043 2360 3083 auctor.
2397 3030 2521 3084 Cic.
2555 3032 2642 3083 Pa-

1661 3108 1849 3167 radox.
1865 3110 1909 3161 1.
1927 3110 2061 3163 Plin.
2075 3111 2168 3163 lib.
2183 3111 2550 3183 XXXV,cap.
2567 3131 2638 3175 12,

1663 3200 1717 3241 et
1745 3186 1994 3241 XXXIII
2013 3227 2027 3251 ,
2057 3208 2134 3241 12.
2161 3190 2248 3241 Sic
2269 3189 2558 3243 Voltarius
2583 3188 2642 3241 de

1665 3270 1953 3333 Romanis,
1973 3270 2032 3320 in
2062 3269 2364 3341 opusculo,
2396 3271 2488 3323 cui
2519 3274 2642 3324 titu-

1665 3350 1750 3400 lus
1769 3386 1786 3413 ‚
1807 3351 2018 3416 De'fi‘nse
2037 3353 2105 3399 du
2125 3351 2363 3400 Dlondain
2384 3370 2403 3399 .·

1664 3454 1790 3501 Leur
1821 3457 2003 3516 Jupiter
2016 3488 2032 3510 ‚
2051 3466 2112 3503 au
2148 3464 2299 3517 temps
2337 3456 2406 3501 du
2440 3456 2546 3503 bon
2582 3454 2640 3503 roi

1665 3526 1992 3643 Etaiflillaeieliois
2007 3631 2020 3653 ,
2040 3571 2076 3642 il
2094 3596 2166 3642 fut
2185 3596 2290 3643 ‹l’or
2308 3612 2420 3644 sous
2433 3600 2637 3645 Luculle.

1665 3688 1996 3738 —Saturnia
2012 3723 2024 3735 .
2040 3722 2053 3735 .
2069 3724 2080 3736 .
2102 3705 2223 3737 oera.
2240 3686 2322 3737 De
2341 3687 2518 3739 veteri
2538 3706 2639 3740 mo·

598 3770 812 3812 tantum
826 3759 935 3812 fide
952 3760 1115 3831 digna
1134 3774 1437 3833 erant‚quae
1450 3776 1578 3833 post
1656 3778 1782 3818 neta
1823 3764 2072 3836 loquitur
2086 3802 2101 3829 ,
2137 3784 2257 3837 quae
2275 3802 2291 3829 ,
2324 3765 2519 3836 primis
2551 3766 2637 3818 rei·
2724 3822 2725 3829 χ

597 3839 1029 3902 concoctionem,
1051 3843 1178 3893 cum
1194 3860 1342 3894 mens
1362 3856 1496 3895 esset
1512 3844 1577 3895 ab
1655 3846 1889 3918 publicae
1907 3846 2244 3917 temporibus
2259 3884 2275 3910 ,
2297 3864 2431 3898 oerea
2443 3847 2637 3899 fuit.-
2724 3904 2725 3907 Ἴ

594 3918 921 3972 humoribus
966 3921 1135 3972 libera
1161 3958 1178 3985 ‚
1212 3923 1534 3975 eveniebant
1563 3944 1580 3991 ;

598 4000 751 4069 quod
769 4001 1098 4073 plerumque
1110 4002 1175 4055 fit
1192 4016 1317 4075 post
1336 4004 1580 4076 primum

1658 3928 1908 3985 Saturnia,
1929 3926 2056 3997 quia
2071 3926 2317 3977 aerarium
2337 3926 2396 3977 in
2418 3925 2532 3985 aede
2558 3927 2634 3979 Sa-

1659 4006 1809 4062 turni
1829 4006 2161 4065 servabatur.
2189 4006 2246 4059 P.
2267 4019 2322 4058 et
2339 4009 2402 4058 A,
