2775 4619
765 471 772 473 “
841 452 1238 528 SATIRA
1298 459 1427 530 IV.

2040 465 2167 530 105

205 586 337 654 Sed
367 585 763 677 praecedenti
793 602 1120 676 spectatur
1155 587 1435 651 mantica
1467 602 1667 676 tergo.

210 704 561 787 Quaesieris
588 724 602 766 z
633 702 869 766 nostin'
893 702 1150 767 Vectidi
1178 701 1463 792 praedia?
1484 688 1732 790 Cujus?
2100 710 2165 767 25

211 814 408 882 Dives
434 833 568 890 arat
593 797 872 881 Curibus
899 835 1218 907 quantum
1249 841 1384 882 non
1409 819 1643 882 milvus
1669 818 1948 885 oberrat.

213 932 412 997 Hunc
441 929 578 995 ais?
609 934 822 1013 hunc,
855 929 972 997 Dis
1005 912 1184 997 iratis
1205 982 1226 1015 ,
1255 922 1597 1023 Genioque
1621 934 1917 1017 sinistre,

217 1047 380 1129 Qui,
413 1048 809 1135 quandoque
834 1050 1061 1139 jugum
1092 1066 1345 1139 pertusa
1380 1049 1463 1113 ad
1490 1050 1776 1139 compita
1800 1049 1941 1141 figit
1960 1100 1978 1133 ,
2024 1072 2033 1089 ²

136 1242 287 1289 voisz‘n
304 1278 320 1298 ,
341 1260 405 1289 on
432 1260 492 1290 en
520 1254 592 1290 esc
622 1242 758 1290 bactu
782 1243 816 1289 ὰ
841 1260 926 1291 son
959 1254 1071 1291 tour
1083 1262 1104 1300 ;

135 1320 243 1368 c'est
254 1320 382 1371 αἰηςί
396 1340 496 1385 que
515 1323 614 1370 l'on
634 1324 861 1387 appr-end
873 1322 906 1369 ὰ
932 1341 981 1371 se
996 1341 1108 1371 con-

140 1398 289 1448 uasere
308 1402 374 1449 les
392 1420 484 1449 uns
507 1403 575 1450 les
595 1414 760 1449 autres
773 1420 794 1458 ‚⁴
816 1401 930 1450 c'est
943 1402 1104 1461 ainsi,

140 1480 168 1527 ὅ
197 1481 353 1529 Ne'ron
371 1484 394 1528 ,7
425 1499 524 1545 que
559 1500 680 1530 nous
713 1495 758 1529 te
791 1474 1111 1532 connaftrons

144 1560 318 1626 malgrd
343 1563 410 1609 les
440 1563 605 1609 beaux
633 1559 808 1610 dehors
839 1564 963 1610 dont
986 1577 1038 1610 cu
1069 1576 1115 1611 te

137 1658 274 1703 pares
301 1642 624 1690 maintenane.
646 1641 708 1691 Α.
725 1672 796 1681 ——
813 1644 876 1690 Ut
897 1660 1038 1691 nemo
1060 1643 1112 1690 ἰη

141 1738 228 1769 sese
241 1735 395 1770 tentae
409 1724 700 1771 descendere
711 1728 734 1772 Ι
751 1720 1113 1793 Epanalepsis‚

144 1799 561 1871 indignationem
609 1814 664 1855 et
703 1800 1113 1855 admirationem

147 1878 395 1960 indicans.
421 1883 582 1953 Virg.
607 1882 773 1952 eclog.
793 1882 936 1935 VIII
958 1902 971 1935 ε

150 1986 206 2031 Ut
222 1978 351 2045 vidi>
361 1998 414 2033 ut
431 1988 582 2051 perii,
600 1998 653 2035 ut
671 2002 744 2045 me
761 1988 906 2035 malus
925 1989 1115 2035 abstulit

259 2061 411 2106 error!

151 2160 206 2204 In
223 2175 313 2207 sese
333 2160 636 2208 descendere.
660 2156 728 2209 Se
755 2157 939 2229 ipsum
963 2157 1118 2227 peni·-

153 2246 228 2285 tus
245 2235 600 2308 introspicere
611 2250 672 2291 ,et
689 2237 1022 2301 examinare3
1042 2250 1116 2290 at-

155 2332 278 2384 que,
297 2331 358 2370 ut
379 2331 460 2370 est
483 2318 544 2370 in
567 2317 678 2370 fine
707 2318 876 2389 hujus
902 2317 1075 2370 satirae
1097 2353 1116 2380 ,

153 2413 294 2447 secum
323 2400 556 2450 habiture
573 2417 593 2448 .·
617 2401 772 2470 Juxta
809 2397 948 2450 ill-ud
979 2417 1116 2468 prap-

154 2489 356 2546 ceptum
377 2479 588 2532 oraculi
603 2480 704 2532 Del
708 2480 968 2550 phicierN
977 2485 1082 2536 ΩΘ
1093 2485 1117 2530 Ι

155 2559 526 2614 ΣΕΑΥΤΟΝ.
574 2560 636 2612 L.
657 2589 729 2598 --
754 2563 942 2609 Nemo!
972 2558 1118 2610 Bene

156 2644 204 2684 et
223 2637 523 2706 emphatice
549 2638 819 2708 repetitur
839 2675 857 2702 ‚
879 2643 1054 2688 nemo!

221 2745 296 2802 24.
315 2745 622 2794 Proecedenci
644 2757 889 2809 spectatur
905 2745 1127 2793 mantica

157 2821 312 2892 terga]
334 2820 402 2874 Id
421 2835 506 2875 est
520 2861 537 2887 ‚
563 2821 982 2876 considerantur
999 2823 1124 2876 alie-

157 2914 217 2951 na
244 2901 368 2955 vitia
391 2941 405 2966 ,
433 2923 556 2975 quae
596 2917 726 2958 sunt
761 2905 819 2956 iu
853 2905 1083 2956 mantica
1103 2941 1121 2968 ‚

157 2993 268 3048 post
304 2993 520 3054 tergum
565 2985 683 3054 ejus
729 2983 824 3055 qui
860 2982 1124 3054 praecedit

157 3074 258 3110 nos.
300 3061 384 3114 Ex
436 3064 668 3134 apologo
714 3063 910 3134 Aesopi
938 3103 954 3128 ‚
999 3063 1124 3124 satis

160 3153 278 3192 noto
294 3179 310 3205 ‚
331 3143 472 3196 illud
500 3143 856 3215 desumptum
879 3143 1118 3198 videtur.

103 3274 112 3284 ,
161 3215 296 3272 Hanc
333 3223 504 3276 Persii
549 3225 872 3278 sententiam
913 3227 988 3278 ita
1031 3243 1124 3278 ex·

162 3302 338 3366 pressit
359 3317 548 3356 noster
565 3309 640 3354 La
659 3307 928 3356 Foncaine:

163 3403 226 3450 On
245 3424 290 3454 se
301 3411 396 3457 voit
410 3411 529 3456 d’un
546 3421 674 3458 autre
693 3411 770 3458 oeil
789 3411 934 3473 qu'on
953 3428 1012 3459 ne
1025 3413 1125 3460 voit

271 3495 352 3546 son
369 3481 618 3543 prochain.

330 3553 396 3598 Le
410 3551 692 3600 fabricateur
710 3555 951 3601 souverain

1187 1242 1318 1287 Nous
1337 1242 1445 1288 crea
1460 1241 1687 1288 hesaciers
1707 1252 1810 1289 tous
1828 1243 1887 1289 de
1904 1244 2053 1291 meme
2071 1260 2168 1291 ma-

1309 1313 1465 1369 niere,

1187 1384 1308 1429 Tant
1339 1398 1455 1430 ceux
1486 1383 1551 1429 du
1584 1394 1735 1446 temps
1768 1384 1902 1447 passe
1925 1421 1939 1439 ,
1976 1402 2068 1448 que
2103 1387 2168 1436 du

1309 1464 1461 1515 temps
1490 1454 1853 1515 d’aujourd'hui.

1191 1526 1232 1569 n
1265 1524 1320 1571 fit
1353 1542 1475 1587 pour
1510 1538 1605 1573 nos
1634 1526 1815 1573 defauts
1850 1529 1895 1573 la
1926 1530 2077 1615 poche
2112 1530 2173 1580 de

1317 1596 1539 1653 derriere,

1192 1670 1252 1713 Et
1281 1668 1395 1715 celle
1427 1668 1503 1739 de·
1523 1669 1692 1717 devant
1726 1684 1848 1732 pour
1887 1671 1953 1717 les
1990 1670 2171 1717 defauts

1315 1740 1533 1787 d’autrui.
2024 1744 2082 1788 A.

1266 1840 1347 1893 25.
1374 1838 1597 1909 Vectidzff]
1624 1841 1692 1891 In
1720 1852 1813 1893 sat.
1834 1842 1867 1893 J
1871 1860 2033 1893 uven.
2054 1842 2171 1906 XI,

1171 1920 1240 1975 'v.
1261 1939 1342 1972 22.
1366 1919 1437 1972 de
1451 1920 1713 1973 Ventidio
1733 1919 1972 1992 quodam
1992 1938 2171 1979 sermo

1193 2013 1272 2053 est
1291 2038 1308 2065 ‚
1329 2000 1426 2052 sed
1444 2037 1461 2064 ‚
1486 2012 1551 2053 ut
1579 2000 1648 2053 de
1674 2001 1894 2053 homine
1924 1999 2093 2053 divite
2116 2012 2175 2055 et

1192 2099 1481 2156 genez-0⁸03
1499 2081 1741 2134 hocloco
1760 2093 1965 2145 contra,
1980 2100 2173 2135 avarus

1196 2162 1542 2233 designatur:
1565 2163 1639 2214 ita
1655 2199 1673 2227 ,
1702 2165 1944 2213 Veccidius
1970 2174 2026 2215 et
2051 2166 2177 2213 νειμ·

1195 2246 1338 2293 tidius
1394 2261 1507 2295 non
1552 2241 1723 2295 iidem
1774 2242 1941 2295 fuisse
1982 2241 2173 2297 viden·

1197 2338 1309 2376 tur.
1339 2324 1405 2374 A.

1271 2435 1357 2484 26.
1387 2435 1627 2500 Curibus]
1658 2437 1831 2492 Cures,
1862 2431 1996 2484 urbs
2024 2429 2175 2484 Sabi-

1197 2519 1425 2564 norum‘
1451 2512 1583 2564 olim
1634 2512 1889 2584 primaria
1919 2549 1936 2576 ‚
1983 2510 2176 2564 Numae

1199 2591 1456 2663 Pompilii
1495 2593 2036 2662 patria.—-Quancum
2076 2611 2177 2640 non

1201 2676 1368 2723 milvus
1383 2675 1592 2723 oberrat.
1608 2671 2038 2744 Hyperbolicum
2059 2669 2180 2722 ada-

1201 2751 1380 2822 gium:
1416 2766 1655 2818 quantum
1690 2753 1823 2802 milvi
1854 2753 2053 2802 volant.
2086 2752 2181 2803 Ju-

1201 2850 1325 2884 ven.
1345 2843 1444 2882 sat.
1467 2832 1581 2895 lx,
1601 2850 1656 2882 v.
1684 2831 1781 2882 55:
1818 2837 1823 2844 '

1208 2970 1298 2983 .....
1315 2937 1485 2982 Milvos
1509 2935 1628 2982 intra
1646 2945 1727 2980 tua
1749 2950 1919 2996 pascua
1936 2934 2095 2981 lassos.
2121 2935 2175 2980 P.

1209 3085 1214 3092 .
1277 3064 1358 3116 ²7·
1395 3050 1537 3096 Hunc
1550 3083 1567 3105 ,
1593 3043 1681 3095 Dis
1714 3045 1899 3111 iratis}
1930 3041 2177 3096 Subaudi

1199 3128 1516 3194 genitum.--
1530 3126 1785 3190 Genioque
1824 3125 2034 3174 sinistro.
2066 3124 2181 3176 Ad-

1203 3224 1358 3261 verso
1375 3217 1431 3258 et
1448 3204 1744 3268 contrario,
1760 3203 1969 3274 quippe
1990 3204 2081 3256 ille
2102 3221 2183 3256 se-

1203 3287 1501 3358 metipsum
1514 3285 1803 3340 defraudat
1820 3286 1949 3350 suis,
1964 3298 2019 3338 et
2036 3286 2181 3338 inter

1203 3387 1334 3441 opes
1349 3368 1510 3420 miser
1522 3381 1617 3421 est.
1636 3369 1717 3422 De
1730 3367 1909 3420 Genio
1925 3366 2051 3421 vide
2062 3385 2181 3436 sup.

1205 3461 1298 3502 sat.
1325 3450 1382 3501 II
1406 3486 1422 3513 ‚
1444 3469 1497 3502 v.
1524 3448 1575 3501 3.

1279 3547 1366 3599 28.
1404 3549 1503 3612 Qui
1532 3549 1863 3613 quandoque,
1887 3547 1998 3611 eta]
2020 3543 2183 3612 Egre-

227 3722 284 3769 V.
316 3723 397 3771 25.
438 3723 708 3788 Quaesieris.
738 3728 813 3774 Ita
835 3725 984 3774 codd.
1009 3718 1193 3790 omnes.
1221 3727 1397 3785 Malim
1427 3725 1772 3790 quaesierit.-
1791 3725 1841 3769 V
1832 3719 1990 3772 ectidt‘·
2015 3721 2173 3773 Codd·

169 3803 428 3864 nonnulli,‘
441 3805 652 3870 veecidis
665 3841 684 3863 ,
709 3807 851 3854 male.

229 3927 286 3972 V.
303 3911 394 3976 36.
428 3930 651 3977 Oberrat.
679 3932 755 3978 Ita
784 3929 932 3978 codd.
961 3932 1170 3978 Putean.
1198 3930 1397 3979 Thuan.
1424 3913 1661 3980 Mazarin.
1686 3927 1827 3978 colb.
1853 3929 1903 3974 11
1920 3961 1933 3985 ,
1952 3925 2183 3983 pithoei,

171 4015 322 4053 noster
353 4009 466 4056 cod.
501 4019 554 4058 et
587 4021 686 4058 tres
713 4010 814 4058 alii.
847 4011 1024 4060 Caeteri
1057 4026 1259 4070 omnes,
1289 4013 1515 4069 oberret,
1548 4021 1648 4062 vet.
1680 4007 1835 4060 schol.
1869 4019 1919 4057 et
1939 4007 2184 4057 editiones

171 4081 376 4153 Aldinae,
406 4100 456 4140 et
478 4101 598 4156 post
627 4090 723 4140 hos
749 4089 885 4141 editt.
911 4091 1225 4144 recentiores.
