2775 4619
927 353 957 372 Q

896 501 1294 568 SATIRA
1363 503 1422 567 1.

2089 511 2169 585 41

230 625 387 694 Non
414 625 560 708 hic,
591 624 800 714 quiin
829 625 1121 714 crepidas
1146 625 1496 691 Graiorum
1518 625 1747 692 ludere
1771 629 1960 718 gestit

229 742 551 808 Sordidus
569 791 589 824 ‚
616 758 681 807 et
712 743 896 806 lusco
933 743 1049 830 qui
1081 741 1290 831 poscit
1322 741 1536 808 dicere
1552 790 1570 823 ‚
1599 741 1774 808 lusce
1788 791 1807 824 ‚

226 858 382 922 Sese
410 858 697 945 aliquem
724 855 995 922 credens
1010 904 1029 936 ‚
1057 855 1221 920 Italo
1251 855 1432 943 quod
1457 856 1716 922 honore
1734 858 2006 948 supinus

226 969 529 1061 Fregerit
560 970 854 1035 heminas
880 966 1097 1034 Arreti
1129 949 1333 1035 aedilis
1368 953 1674 1058 iniquas3

138 1165 275 1218 toris
306 1164 539 1216 excitata
573 1175 626 1216 et
660 1161 987 1215 inflammata
1006 1199 1023 1225 ‚
1054 1159 1123 1214 ad

138 1264 287 1297 meas
300 1243 507 1298 deinde
524 1245 709 1297 satiras
726 1241 980 1313 legendas
996 1260 1124 1313 pro·

140 1323 300 1378 clivis
319 1337 377 1377 et
398 1321 605 1378 fervida
626 1323 733 1376 fiat.
758 1323 820 1374 A.

216 1423 340 1476 ¹²7·
370 1407 485 1456 Non
516 1406 626 1465 Ιιίσ,
655 1403 765 1474 eta]
803 1401 1121 1455 Praeceden-

139 1484 287 1538 tibus
304 1525 323 1552 ,
353 1485 492 1538 dixit
516 1504 547 1537 a
577 1483 779 1556 quihus
808 1483 917 1555 legi
951 1484 1117 1553 velit3

140 1584 293 1618 nunc
324 1565 465 1618 dicit
500 1585 530 1617 a
567 1564 765 1636 quibus
802 1566 958 1618 nolit.
988 1567 1117 1618 Duo

140 1645 437 1698 hominum
481 1663 677 1718 genera
720 1663 749 1696 a
796 1645 908 1698 suis
950 1645 1120 1699 satiris

140 1725 383 1797 legendis
408 1724 679 1792 excludit3
702 1725 903 1778 scilicet
920 1763 937 1790 ‚
962 1727 1119 1798 inep-

141 1818 223 1858 tos
256 1799 627 1868 cavillatores,
665 1806 881 1871 fatuos3
921 1804 1122 1860 deinde

140 1887 491 1939 scientiarum
532 1885 928 1940 detrectatores.
940 1917 1012 1927 —-
1026 1890 1128 1953 Qui

140 1969 189 2017 in
216 1970 445 2035 crepidas
464 2004 481 2026 ,
518 1981 606 2017 etc.
636 1965 739 2026 ,Isti
761 2003 777 2029 ‚
814 1967 888 2019 ait
926 1973 1083 2038 poeta
1101 2006 1119 2033 ,

140 2047 233 2118 qui
264 2085 283 2113 ‚
323 2049 462 2101 vana
514 2047 789 2118 sapientiae
842 2061 897 2100 et
944 2047 1115 2102 virili·

138 2128 258 2180 tatis
294 2128 657 2182 ostentatione
675 2166 692 2193 ‚
729 2127 931 2181 Graecis
963 2147 1113 2182 suam

136 2207 193 2260 in
223 2208 379 2260 cultu
414 2208 733 2280 elegantiam
766 2208 1011 2262 criminis
1036 2210 1117 2263 lo·

136 2307 199 2341 co
240 2289 515 2360 objiciunt
548 2307 564 2356 ;
607 2290 735 2342 cum
789 2288 893 2361 ipsi
944 2289 1117 2344 multo

136 2368 303 2441 magis
320 2370 434 2421 sint
451 2367 894 2441 reprehendendi
914 2407 931 2435 ,
952 2388 1117 2442 prop-

134 2462 219 2501 ter
244 2448 435 2503 sordes
468 2461 525 2501 et
554 2448 856 2512 varitiam,
876 2450 964 2504 vel
992 2450 1114 2503 irri-

134 2526 325 2590 dendi,
337 2540 567 2600 propter
588 2530 991 2583 affectationem
999 2530 1113 2583 ine-

133 2622 282 2681 ptam
308 2609 525 2662 illuviei
557 2622 613 2662 et
640 2610 871 2683 neglecti
900 2610 1105 2665 cultus.

133 2719 203 2729 --
216 2693 453 2756 crepido.
483 2688 621 2741 Sunt
652 2689 877 2761 proprie
897 2689 1114 2743 Greco-

133 2789 251 2823 rum
272 2808 289 2835 ‚
326 2784 395 2823 ut
425 2770 588 2823 calcei
624 2771 1031 2838 Romanorum
1059 2783 1114 2824 et

131 2854 353 2918 crepidas
368 2850 658 2903 nominans
672 2888 689 2915 ‚
715 2862 896 2903 totum
914 2852 1114 2905 intelli·

129 2933 207 3003 git
226 2933 551 2985 Graecorum
570 2932 815 2985 studium
832 2934 1113 3003 φιλοκαλίας

130 3010 269 3063 circa
288 3009 531 3063 cultum.
556 3010 619 3064 C.
868 3024 873 3033 ·

200 3092 325 3143 128.
368 3096 435 3143 Ee
464 3094 597 3142 lusco
640 3094 731 3159 qui
753 3095 943 3159 poscit,
985 3096 1109 3161 eea]

126 3174 306 3245 Apage
355 3167 521 3225 etiam
559 3172 919 3227 cachinnones
942 3210 959 3237 ‚
990 3173 1113 3227 illos

127 3254 307 3306 fatuos
331 3290 351 3317 ‚
388 3253 485 3325 qui
528 3253 795 3307 naturalia
832 3254 949 3307 aliis
982 3254 1113 3307 vitia

125 3334 457 3405 exprobrare
483 3335 719 3404 gestiunt
732 3372 749 3399 ,
774 3352 896 3406 quai
931 3333 1110 3387 tamen

126 3413 339 3466 nemini
367 3415 575 3485 probro
602 3434 717 3468 esse
742 3414 963 3469 debent.
984 3415 1049 3468 P.

198 3512 325 3563 129.
354 3500 461 3545 Sese
485 3496 704 3561 aliquem
720 3500 932 3547 credens
944 3534 961 3557 ‚
982 3494 1101 3567 eea]

124 3573 193 3627 Hi
212 3586 345 3627 sunt
363 3613 380 3641 ‚
401 3592 543 3646 quos
561 3575 737 3629 fatuos
756 3576 1069 3631 vocavimus
1086 3614 1104 3643 ,

2004 1023 2010 1028 .
2077 982 2177 1036 130

1203 1161 1303 1233 qui
1332 1161 1526 1215 infimo
1561 1162 1735 1217 functi
1765 1163 1976 1219 bonore
1998 1186 2048 1217 se
2074 1185 2180 1218 cre-

1200 1247 1327 1295 dunt
1346 1248 1564 1311 aliquos,
1596 1259 1652 1298 et
1688 1240 1910 1299 caeteros
1941 1249 2178 1318 superbe

1198 1331 1674 1395 respuunt.--Sese
1687 1329 1921 1392 aliquem.
1943 1328 2179 1381 Locutio

1200 1404 1475 1458 familiaris
1492 1419 1545 1459 et
1568 1407 1604 1458 J
1604 1406 1837 1459 uvenali.
1849 1405 1983 1459 Vid.
1998 1418 2093 1460 sat.
2112 1409 2139 1458 1
2153 1445 2170 1470 ,

1198 1504 1251 1538 v.
1271 1491 1359 1555 74.
1372 1488 1679 1552 —Supinus.
1698 1487 1988 1557 Arroguffi
2001 1498 2054 1538 et
2067 1487 2181 1539 ani·

1196 1566 1275 1618 mi
1291 1565 1491 1619 vitium
1512 1567 1629 1638 ipso
1655 1568 1898 1639 corporis
1917 1579 2069 1640 gestu
2087 1587 2180 1639 pa-

1197 1646 1305 1699 lam
1328 1647 1543 1700 faciens.
1567 1647 1665 1700 Est
1693 1667 1861 1718 genus
1890 1648 2180 1700 hominum

1199 1727 1451 1798 superbia
1489 1726 1834 1794 inflatorum,
1869 1729 1966 1799 qui
1999 1729 2178 1800 ingre·

1201 1805 1436 1860 diuntur
1460 1806 1594 1861 adeo
1617 1822 1793 1862 erecto
1821 1827 2047 1881 corpore
2063 1847 2080 1872 ,
2102 1822 2181 1862 at-

1202 1907 1311 1960 que
1335 1891 1630 1958 ὑψαὺχενες,
1659 1903 1724 1942 ut
1756 1891 1812 1943 in
1843 1891 2003 1943 coelos
2029 1890 2178 1943 oculi

1199 1985 1390 2021 eorum
1413 1987 1525 2020 non
1555 1969 1731 2020 multo
1756 1987 1908 2021 secus
1931 1970 2178 2021 ferantur

1198 2064 1259 2100 ac
1290 2046 1768 2118 resupinatorum3
1799 2067 1936 2119 quos
1974 2047 2049 2099 sic
2089 2066 2174 2100 re-

1192 2126 1484 2198 prehendit
1495 2129 1728 2201 Epictet.
1747 2147 1835 2200 ap.
1853 2129 2142 2181 Arrianum
2156 2167 2174 2191 ‚

1196 2209 1294 2262 lib.
1323 2211 1384 2274 Ι,
1416 2229 1534 2282 cap.
1572 2229 1660 2264 21·
1692 2211 1752 2263 Τὶ
1776 2212 1890 2281 ὑμῖν
1922 2209 2170 2264 ὂὲελίσκον

1196 2291 1456 2344 καταπιὼν
1478 2294 1798 2363 acapnum-2103
1822 2291 1986 2350 ἤθελον
2011 2292 2092 2344 ἵνα
2111 2312 2172 2363 με

1194 2371 1277 2425 καὶ
1306 2373 1349 2425 οἱ
1380 2374 1700 2433 ἀπαντῶντες
1730 2372 2035 2444 θαυμάζωσι.
2059 2371 2122 2425 C.

1268 2448 1390 2503 130.
1412 2452 1635 2517 Fregeric
1649 2451 1894 2513 heminas,
1918 2453 2036 2517 eta]
2058 2448 2176 2505 Hoc

1192 2530 1441 2602 exemplo
1473 2528 1749 2602 dignitatis
1785 2542 1894 2583 tam
1923 2549 2097 2602 parvae
2121 2544 2176 2583 et
2227 2592 2235 2605 ἱ

1186 2610 1451 2664 honorem
1465 2611 1634 2665 elevat
1649 2650 1665 2678 ,
1687 2623 1740 2663 et
1759 2610 2048 2663 ridiculam
2062 2630 2176 2663 car·

1192 2691 1277 2761 pit
1315 2692 1672 2763 arrogantiam
1713 2708 1904 2742 eorum
1943 2690 2043 2761 qui
2079 2690 2173 2742 illo

1194 2772 1370 2825 functi
1401 2786 1572 2826 erant.
1611 2772 1794 2823 Primo
1831 2772 2019 2830 aedilis;
2051 2788 2176 2841 quae

1194 2851 1426 2923 dignitas
1437 2851 1623 2904 infima
1639 2865 1766 2904 erat.
1779 2846 2050 2912 Secundo,
2060 2868 2173 2901 non

1192 2934 1251 2985 in
1264 2934 1416 2985 Urbe
1434 2970 1452 2997 ‚
1475 2930 1568 2985 sed
1583 2931 1640 2983 in
1661 2930 1996 3001 municipio;
2018 2928 2171 3000 quod

1189 3012 1256 3067 ad
1290 3011 1656 3067 minuendum
1693 3011 1962 3071 honorem
1994 3009 2172 3081 pluri-

1188 3112 1341 3146 mum
1353 3093 1510 3147 valet.
1525 3092 1814 3155 Caeterum,
1831 3088 2009 3143 aediles
2023 3108 2173 3141 men—

1191 3174 1329 3227 suris
1351 3186 1407 3226 et
1428 3170 1768 3245 ponderibus
1790 3170 2068 3243 praefuisse
2089 3172 2172 3223 in-

1193 3268 1275 3309 ter
1288 3256 1408 3315 alia,
1418 3268 1471 3307 et
1485 3255 1672 3325 iniqua
1685 3252 1901 3325 fregisse
1916 3253 2105 3305 omnib
2113 3272 2172 3305 us

1190 3347 1385 3387 notum
1404 3371 1421 3399 ‚
1439 3352 1508 3386 ex
1525 3332 1677 3385 Tull.
1705 3332 1807 3384 lib.
1829 3333 1888 3383 11
1905 3370 1922 3397 ‚
1948 3331 2015 3384 de
2037 3332 2168 3403 Leg.

1188 3418 1392 3469 Juven.
1417 3427 1516 3467 sat.
1545 3414 1597 3466 X
1616 3454 1632 3480 ,
1660 3434 1714 3466 v,
1755 3432 1850 3467 τοι
1876 3452 1892 3478 ,
1921 3412 2165 3464 Turneb.

1186 3496 1284 3548 lib.
1320 3496 1544 3573 XXIX,
1577 3513 1699 3565 cap.
1736 3513 1834 3553 ao,
1868 3505 1922 3545 et
1954 3492 2169 3545 aliis.--

1184 3580 1429 3629 Heminas.
1449 3576 1680 3629 Hemina
1699 3587 1778 3628 est
1797 3590 2060 3627 mensurae
2081 3588 2168 3641 ge·

189 3740 259 3787 V.
290 3756 313 3785 1
326 3754 409 3799 ²7·
429 3738 703 3790 Graiorum.
724 3740 848 3790 Cod.
875 3750 1047 3789 noster
1064 3774 1081 3801 ‚
1104 3740 1359 3789 Gallorum
1376 3759 1399 3797 ;
1429 3753 1478 3790 et
1494 3775 1511 3802 ,
1533 3743 1590 3789 in
1603 3740 1848 3805 margine:
1875 3736 1945 3785 al.
1980 3735 2169 3783 Grae’or.

185 3822 252 3867 V.
280 3820 400 3867 128.
422 3819 594 3867 Poscit.
612 3823 711 3869 ΧΠ
732 3820 877 3869 codd.
899 3821 1086 3870 habent
1105 3820 1271 3886 possit.
1290 3824 1367 3870 Ita
1386 3833 1488 3872 vet.
1516 3822 1670 3870 schol.
1691 3830 1739 3867 at
1757 3817 1970 3867 vividior
1991 3826 2162 3865 nostra

116 3898 295 3947 lectio:
318 3914 439 3947 nam
464 3900 521 3949 id
554 3909 631 3949 est
650 3900 815 3967 poscit
839 3902 897 3949 in
922 3901 1024 3950 hoc
1055 3916 1207 3949 versu
1228 3936 1242 3960 ,
1273 3902 1416 3966 qnod
1444 3900 1592 3967 gestie
1615 3914 1765 3964 supra
1780 3932 1797 3955 ‚
1817 3906 1870 3945 et
1897 3895 2030 3945 infra
2064 3896 2164 3945 scit.

114 3982 343 4045 ‘Utraque
358 3998 465 4030 vox
482 3982 661 4031 vitium
683 3982 896 4031 denotat
926 3994 976 4031 et
998 3983 1177 4032 malam
1210 3983 1641 4031 consuetudinem.
1678 3982 1752 4027 Un
1775 3978 1967 4026 homme
1995 3978 2086 4041 qui
2105 3995 2166 4024 ne
2183 4019 2193 4029 ,

118 4060 330 4110 chen-he
354 4060 471 4126 qu'c'z
485 4098 503 4120 ‚
527 4072 615 4111 etc.
628 4064 876 4111 ——Lusce.
910 4064 1159 4113 Nonnulli
1190 4063 1402 4111 editores
1432 4062 1608 4127 legunt
1642 4062 1813 4109 luscus.
1845 4059 1999 4121 Quod
2038 4068 2167 4105 recte

121 4154 287 4205 potest
316 4144 581 4207 explicari;
602 4144 658 4191 id
686 4152 790 4203 est,
810 4143 902 4209 qui
930 4144 1086 4192 luscus
1123 4145 1229 4209 ipse
1256 4140 1434 4208 gestit,
1456 4142 1618 4207 poscit
1643 4142 1768 4193 alios
1800 4138 2077 4199 ludificari,
2109 4149 2158 4185 et

120 4236 297 4272 vocare
318 4222 505 4274 luscos.
525 4222 651 4275 cod.
674 4232 879 4289 noster,
894 4223 1051 4290 possis
1073 4234 1123 4273 et
1150 4223 1301 4272 lusce.
