2775 4619
548 390 680 459 320
917 472 931 484 x
1287 380 1863 458 LU01L1AN1

625 517 778 576 Nam
803 513 885 585 si,
913 512 1080 593 quod
1105 496 1244 571 satis
1269 528 1357 574 est
1378 514 1608 575 homini
1624 560 1639 586 ‚
1669 516 1731 573 id
1758 516 1895 575 satis
1918 532 2045 575 esse
2064 518 2312 595 potisset
2329 560 2346 589 ,

623 616 755 688 Hoc
781 622 874 669 sat
901 624 1024 669 erat
1045 630 1247 669 :nunc
1273 610 1416 669 cum
1442 612 1557 671 hoc
1584 632 1705 671 non
1728 626 1817 671 est
1830 656 1848 684 ,
1874 619 1985 693 qui
2006 596 2292 673 credimu'
2314 632 2495 695 porro

622 708 872 769 Divitias
897 708 1052 767 ullas
1081 710 1350 769 animum
1381 708 1467 767 mi
1492 710 1730 789 explere
1760 712 2038 789 potesse?
2066 702 2073 705 ’

621 807 897 885 Denique
924 807 1015 863 uti
1040 806 1223 864 stulto
1253 806 1404 865 nihil
1430 819 1519 865 est
1545 809 1714 879 satis,
1742 808 1941 866 omnia
1964 805 2104 866 cum
2127 808 2279 867 sint:

622 905 720 965 Sic
744 918 812 963 tu
834 904 971 963 illos
994 905 1222 963 fructus
1244 924 1471 983 quaeras
1488 948 1507 975 ‚
1532 904 1775 963 advorsa
1799 905 2013 983 hyeme
2032 905 2184 963 olim

623 1002 810 1075 Queis
837 1002 926 1059 uti
956 1003 1145 1080 possis
1165 1046 1182 1074 ,
1215 1022 1283 1061 ac
1310 1002 1603 1062 delectare
1634 1003 1801 1061 domi
1827 1016 1906 1061 te.

621 1100 786 1173 Quid
807 1120 949 1160 vero
977 1113 1066 1159 est
1081 1144 1099 1173 ‚
1131 1112 1371 1159 centum
1400 1120 1467 1158 ac
1494 1102 1822 1159 ducentum
1846 1099 2149 1179 possideas
2172 1101 2225 1159 si

621 1197 816 1257 Millia
834 1240 851 1268 ‚
882 1197 1102 1255 divitiis
1128 1198 1386 1275 pretium
1416 1198 1465 1255 si
1492 1198 1715 1255 solvere
1742 1198 1931 1254 nescis
1948 1198 1977 1253 i>

619 1296 783 1369 Quin
807 1296 1008 1375 potius
1028 1296 1209 1353 vitam
1237 1294 1456 1375 degens
1486 1295 1711 1353 sedatu'
1738 1296 2002 1373 quietam
2016 1336 2034 1365 ‚
2061 1295 2125 1352 in

619 1392 1038 1473 Tranquillum
1058 1412 1132 1451 ex
1159 1393 1326 1451 saevis
1352 1405 1413 1451 te
1442 1392 1880 1471 tempestatibu'
1904 1392 2199 1451 umfm.

1504 1494 1532 1547 Ι
1552 1493 1632 1549 X.

621 1589 788 1664 Quid
819 1589 1068 1649 multis?
1097 1608 1274 1649 nemo
1303 1602 1392 1649 est
1415 1588 1720 1649 halicariu’
1750 1588 2041 1668 posterior
2064 1600 2145 1645 te.

615 1686 722 1749 Est
747 1688 855 1767 qui
875 1689 1121 1767 praeciso
1137 1728 1156 1758 ‚
1181 1699 1360 1765 atque
1381 1687 1579 1765 epulis
1604 1687 1873 1764 capiatur
1892 1686 2141 1765 opimis,

617 1788 695 1845 Et
717 1806 842 1845 non
857 1830 874 1859 ,
899 1806 1126 1865 pauper
1147 1787 1240 1843 uti
1254 1828 1271 1857 ‚
1305 1786 1503 1845 Samio
1522 1830 1539 1857 ‚
1568 1799 1861 1863 cui-toque
1882 1784 2077 1843 catino
2094 1827 2113 1856 ‚

617 1887 814 1955 Quem
835 1882 1152 1962 praeclarus
1169 1881 1381 1961 helops
1398 1927 1415 1954 ‚
1440 1902 1621 1961 quem
1643 1886 1917 1961 Aegypto
1942 1882 2134 1959 sargu’
2156 1876 2439 1938 movebit.

617 1982 684 2043 Si
703 1982 931 2060 argenti
951 1982 1190 2059 indigus
1211 1992 1300 2039 est
1314 2025 1331 2052 ‚
1363 2000 1425 2039 se
1452 1980 1693 2039 conficit
1718 1982 1843 2059 ipse
1866 1991 2251 2057 comestque:

615 2060 682 2139 Si
705 2099 844 2139 vero
873 2078 978 2137 das
995 2122 1014 2150 ,
1042 2078 1210 2156 quod
1233 2090 1405 2158 rogat
1420 2124 1437 2149 ‚
1464 2092 1523 2137 et
1550 2079 1601 2136 si
1624 2078 1875 2159 suggeri’
1904 2096 2201 2155 suppum,

615 2180 832 2257 Magna
857 2197 1046 2256 penus
1074 2197 1254 2255 parvo
1281 2178 1471 2255 spatio
1502 2189 1853 2255 consumpta
1880 2176 2119 2257 peribit.

555 2288 568 2305 ⁸
614 2276 796 2349 Quod
829 2288 1136 2354 sumptum
1163 2288 1340 2355 atque
1371 2277 1579 2355 epulas
1602 2276 1765 2334 victu
1795 2274 2089 2354 praeponit
2112 2271 2383 2334 honesto.
2499 2319 2509 2329 .

613 2378 922 2432 Intereunt
941 2374 1270 2452 ,flabuntur
1287 2419 1304 2444 ‚
1337 2388 1481 2434 eunt
1510 2394 1748 2433 rursum
1778 2364 1975 2432 o'mnia
2000 2391 2261 2430 vorsum.

616 2476 767 2534 Nam
793 2472 942 2550 quid
969 2473 1204 2530 mutino
1221 2517 1237 2542 ‚
1267 2472 1667 2551 subrectoque
1692 2472 1835 2537 huic
1863 2473 2006 2550 opu’
2034 2471 2203 2550 signo
2220 2471 2247 2527 ἓ

617 2577 701 2632 Ut
727 2571 1060 2628 lux-caretur
1081 2570 1318 2630 lardum
1339 2615 1356 2642 ‚
1387 2583 1449 2630 et
1474 2567 1734 2630 carnaria
1762 2570 1982 2629 furtim.

613 2675 860 2731 Patrum
889 2671 1244 2730 conficeret?
1274 2709 2218 2728 ........................

1520 2772 1600 2828 X.

613 2867 848 2944 Phryne
873 2867 1094 2926 nobilis
1121 2867 1254 2938 illa,
1280 2867 1389 2925 ubi
1418 2878 1741 2926 amatorem
1768 2865 2101 2945 improbius
2122 2881 2309 2942 quem

611 2964 826 3026 Multis
845 2966 1160 3024 inductum
1189 2965 1549 3024 sermonibu’
1576 2964 2039 3033 concelebravit,

599 3064 780 3138 -Quid
805 3065 944 3122 dare
965 3108 984 3136 ‚
1013 3063 1164 3142 quid
1191 3064 1416 3142 sumpti
1441 3063 1630 3121 facere
1646 3107 1665 3135 ‚
1689 3082 1757 3120 ac
1785 3061 2046 3140 praebere
2072 3055 2309 3139 potissit
2324 3100 2341 3132 ,

541 3219 548 3224 .
615 3165 919 3222 Praeservit
932 3206 949 3234 ,
971 3163 1138 3222 labra
1159 3161 1374 3220 delicat
1387 3206 1405 3234 ,
1435 3161 1573 3222 hinc
1596 3159 1820 3219 delenit
1842 3179 2065 3218 amore.

605 3262 958 3340 Assequitur
972 3303 988 3332 ‚
1017 3281 1128 3318 nec
1155 3262 1497 3338 opinantem
1526 3259 1590 3316 in
1616 3270 1798 3336 caput
1824 3254 2008 3316 insilit
2024 3300 2041 3329 ‚
2064 3257 2265 3334 ipsum

526 3345 530 3350 ’
611 3360 1152 3420 Commanducatur
1177 3371 1376 3418 totum
1402 3356 1711 3437 complexa
1728 3399 1747 3427 ‚
1774 3369 2142 3434 comestque.

611 3462 680 3522 Si
698 3481 839 3519 vero
857 3459 968 3518 das
982 3503 999 3530 ‚
1034 3457 1200 3538 quod
1225 3469 1427 3536 rogat,
1452 3470 1510 3515 et
1532 3458 1580 3514 si
1604 3458 1853 3536 suggeri’
1882 3474 2145 3536 suppum
2162 3499 2182 3527 ,

612 3563 830 3638 Magna
856 3577 1045 3637 penus
1072 3575 1252 3636 parvo
1283 3557 1475 3634 spatio
1506 3569 1859 3634 consumpta
1884 3557 2120 3635 peribit.

611 3659 824 3718 Omnia
846 3658 1077 3716 viscatis
1102 3656 1378 3715 manibus
1406 3639 1565 3735 leget
1578 3700 1597 3728 ‚
1626 3655 1823 3714 omnia
1850 3668 2076 3726 sumet,
2198 3665 2213 3675 ·

613 3757 803 3818 Crede
827 3757 1010 3828 mihi,
1039 3773 1238 3833 presse
1261 3754 1492 3812 auferet
1519 3756 1755 3840 omnia..
1755 3796 1970 3812 ......
1976 3829 1981 3834 .
1996 3797 2009 3810 .
2033 3795 2050 3810 .
2076 3797 2089 3811 .

1450 3877 1459 3884 ⁴
1481 3855 1542 3911 X
1557 3855 1607 3910 I.
1630 3875 1638 3884 ·

613 3953 722 4012 vir
743 3971 906 4010 mare
933 3952 1180 4011 metitur
1203 3971 1485 4031 magnum
1503 3996 1520 4024 ,
1550 3963 1613 4010 et
1639 3970 1699 4010 se
1728 3951 1999 4010 fluctibu’
2023 3951 2197 4014 tradit
2214 3996 2230 4024 ,

611 4051 910 4110 Continuo
939 4049 1117 4110 simul
1144 4031 1213 4110 ac
1239 4051 1445 4130 paullo
1470 4049 1879 4112 vehementius
1906 4071 2050 4112 aura
2088 4097 2098 4104 .
