2775 4619
720 460 910 526 xxxiv
1296 461 1377 525 A.
1425 453 1770 523 PERSII
1819 455 2168 524 FLACCI

713 587 783 644 A.
829 583 1009 643 Persii
1046 582 1239 642 Flacci
1276 583 1480 646 Satirae
1503 627 1524 656 ‚
1558 573 1700 644 cum
1740 594 2059 646 comment.
2099 584 2352 646 marcilii
2367 627 2386 657 ‚

794 681 957 760 apud
982 683 1169 759 Ori-y,
1197 680 1458 753 Parisiis,
2440 683 2608 762 1613.
2651 681 2736 756 4..

1087 795 1092 798 -
1737 761 1763 832 (
1773 763 1904 814 nihl.
1930 763 2002 814 du
2019 761 2344 830 Pantheon.)

714 873 786 928 A.
815 867 1044 926 Persius
1072 867 1317 926 Flaccus
1334 911 1353 940 ‚
1382 887 1522 927 cum
1556 868 1714 928 notis
1747 865 2082 948 posthumis
2109 865 2390 928 Johannis

728 1019 737 1028 .
790 965 1034 1037 Raudii,
1067 964 1361 1058 Londinit,
2447 966 2618 1035 1614.
2660 963 2742 1026 8⁰.

716 1084 791 1140 A.
815 1080 994 1139 Persii
1012 1081 1201 1139 Flacci
1210 1083 1339 1140 Sat.
1364 1101 1439 1140 ex
1457 1079 1798 1140 recensione
1819 1093 1880 1140 et
1899 1099 2041 1140 cnm
2061 1091 2382 1164 comment.

792 1178 977 1238 Ismi
998 1178 1327 1238 casauboni
1344 1222 1362 1251 ‚
1387 1177 1549 1258 apud
1568 1181 1747 1238 Henr.
1770 1181 2028 1238 Drouart
2043 1217 2060 1250 ,
2089 1177 2322 1236 Parisiis
2339 1220 2357 1248 ‚
2443 1177 2613 1238 1615.
2655 1175 2741 1236 8⁰.

1505 1275 1645 1343 (me
1671 1277 1898 1326 editione
1918 1279 2007 1344 ‘usi
2030 1275 2255 1343 sumus.)

714 1366 789 1422 A.
810 1364 1039 1422 Persius
1057 1362 1303 1422 Flaccus
1316 1407 1333 1436 ‚
1352 1363 1455 1422 sed
1479 1377 1836 1444 expurgatus
1853 1365 1915 1421 in
1934 1363 2193 1422 editione
2216 1361 2398 1422 Chori

666 1535 677 1542 .
792 1463 1101 1538 poetarum
1127 1459 1444 1519 Alexandri
1470 1459 1692 1518 Ficheti
1711 1503 1728 1532 ,
1756 1459 2070 1540 Lugduni,
2451 1459 2622 1532 1617.
2663 1453 2742 1528 4⁰.

714 1577 787 1636 In
800 1579 872 1634 A.
894 1575 1073 1635 Persii
1090 1575 1283 1634 Flacci
1308 1576 1522 1636 Satiras
1540 1579 1569 1632 Ι
1593 1588 1654 1635 et
1672 1579 1731 1634 11
1753 1575 1969 1634 Asterii
1985 1575 2198 1635 Manlii
2221 1595 2392 1636 com-

662 1693 677 1722 1
794 1686 976 1733 ment.
1006 1686 1066 1732 et
1089 1685 1276 1747 notae,
1304 1677 1524 1733 Parmae
1544 1718 1562 1746 ‚
2449 1669 2624 1730 1621.
2671 1665 2742 1738 4⁰.

716 1793 791 1848 A.
821 1790 1051 1849 Persius
1071 1787 1315 1847 Flaccus
1332 1832 1349 1860 ,
1376 1809 1518 1847 cum
1541 1789 1696 1849 notis
1722 1788 2056 1869 posthumis
2080 1792 2115 1848 J
2117 1809 2174 1878 ο..
2203 1787 2394 1847 Bond.

795 1885 1235 1966 Norimbergae‚
2155 1885 2160 1893 '
2442 1882 2614 1943 1625.
2664 1902 2742 1940 12.

726 2005 801 2061 A.
831 1999 1059 2059 Persius
1079 1999 1322 2059 Flaccus
1338 2043 1355 2074 ,
1384 2020 1526 2058 011111
1549 1999 1707 2060 notis
1728 1998 2062 2078 posthumis
2087 2003 2180 2059 Jo-
2205 1997 2398 2057 Bond.

796 2097 1195 2177 Norimbergae
1212 2140 1231 2169 ,
2445 2093 2618 2152 1631.
2670 2113 2734 2150 12

718 2215 792 2272 A.
822 2213 1053 2272 Persius
1076 2202 1321 2271 Flaccus
1342 2255 1359 2286 ‚
1386 2233 1481 2290 ap.
1509 2209 1663 2269 Rob.
1693 2210 2084 2290 Stephanum,
2109 2207 2338 2268 Parisiis
2357 2251 2376 2279 ‚
2451 2207 2627 2277 1634.
2675 2203 2741 2266 8⁹

720 2330 791 2389 A.
812 2329 991 2388 Persii
1002 2329 1195 2388 Flacci
1212 2327 1414 2387 Satirae
1431 2346 1570 2387 cum
1587 2327 1746 2387 notis
1758 2331 1791 2385 J
1796 2370 1809 2386 ,
1824 2331 1907 2383 M.
1921 2326 2200 2398 Dilherri‚
2217 2331 2250 2384 J
2252 2344 2400 2398 enae‚
2448 2324 2622 2383 1635.
2676 2344 2700 2381 1
2711 2343 2739 2381 2

723 2446 798 2501 A.
828 2441 1009 2500 Persii
1034 2440 1226 2499 Flacci
1265 2440 1466 2500 Satirae
1484 2485 1501 2513 ,
1527 2459 1667 2499 cum
1703 2452 2021 2499 comment.
2062 2438 2395 2519 posthumis

801 2543 895 2599 Jo.
924 2538 1111 2596 Bond.
1142 2558 1237 2616 ap.
1269 2540 1410 2597 Ant.
1437 2538 1642 2616 Vitray
1662 2582 1679 2610 ,
1707 2538 1882 2596 Paris.
1902 2581 1920 2608 ‚
2463 2538 2642 2607 1641.
2685 2532 2732 2596 8⁴

1543 2640 1556 2675 ε
2038 2620 2198 2686 (Bibl.
2231 2619 2450 2688 Imper.)

727 2726 796 2781 A.
831 2721 1009 2780 Persii
1041 2718 1232 2778 Flacci
1271 2721 1474 2779 Satirae
1491 2764 1509 2793 ,
1545 2740 1685 2780 cum
1723 2734 2041 2781 comment.
2085 2727 2176 2780 Jo.
2220 2722 2406 2781 Bond.

808 2838 903 2897 ap.
940 2816 1073 2876 Seb.
1098 2830 1157 2876 et
1184 2816 1364 2877 Gabr.
1391 2818 1692 2897 Cramoisy
1711 2862 1729 2890 ,
1759 2820 1936 2877 Paris.
1955 2862 1972 2889 ‚
2282 2898 2290 2905 ο
2469 2821 2649 2890 1644.
2689 2822 2720 2881 8

1596 2918 1737 2985 (1150
1760 2919 1984 2969 editione
2012 2918 2089 2967 usi
2115 2918 2342 2985 sumus.)

730 3026 801 3081 A.
830 3022 1059 3091 Persius
1082 3018 1329 3082 Flaccus
1344 3064 1360 3092 ,
1389 3021 1663 3100 Friburgi
1682 3065 1699 3093 ,
2467 3025 2651 3095 1644.
2693 3024 2712 3085 1

735 3144 804 3198 A.
836 3136 1015 3197 Persii
1044 3136 1235 3194 Flacci
1266 3137 1467 3195 Satirae
1483 3181 1500 3209 ‚
1530 3158 1602 3195 ex
1636 3138 1974 3195 recensione
2000 3149 2058 3195 et
2083 3156 2223 3195 cum
2251 3138 2408 3196 notis

814 3233 999 3293 Isaaci
1022 3234 1351 3295 Casauhoni
1370 3277 1390 3307 ,
1416 3233 1704 3305 Londini,
1963 3290 1970 3295 ,
2475 3238 2656 3311 1647.
2699 3240 2703 3289 ἱ

1657 3333 1962 3401 (Caulogue
1985 3333 2050 3382 de
2076 3334 2348 3403 Falcouet)
2695 3328 2699 3355 ·'

738 3447 810 3503 A.
834 3439 1012 3500 Persii
1032 3438 1226 3497 Flacci
1246 3437 1446 3498 Satira
1462 3478 1480 3506 ‚
1503 3456 1642 3495 cum
1658 3436 1815 3495 notis
1831 3437 2130 3510 Famabii,
2157 3439 2406 3497 Amstel.
2459 3440 2646 3500 1650.
2690 3418 2695 3473 ¹³

738 3562 810 3618 A.
835 3556 1013 3615 Persii
1032 3554 1263 3624 Satirae,
1286 3570 1425 3610 cum
1442 3551 1864 3611 commentario
1883 3552 2120 3610 Davidis
2136 3552 2424 3613 Wedder-
2545 3611 2553 3621 ,

819 3654 999 3713 humi
1037 3652 1199 3710 Scoti
1240 3648 1674 3707 Abredonensis
1693 3692 1710 3721 ‚
1745 3650 1958 3708 edente
1999 3658 2134 3728 post
2167 3664 2426 3711 mortem
2681 3726 2683 3733 Ι

820 3750 1014 3811 fratris
1061 3748 1231 3806 Alex.
1272 3745 1726 3832 Wedderburno
1759 3790 1776 3820 ‚
1822 3746 1983 3827 apud
2031 3748 2388 3807 Elzevirium
2403 3793 2424 3821 ,
2677 3744 2681 3793 ἱ

822 3844 1287 3915 ωειειοᾱωὶς
2477 3820 2679 3928 ι664.ξ

746 3969 815 4026 A.
856 3958 1036 4021 Persii
1079 3959 1273 4018 Flacci
1321 3960 1522 4023 Satirae
1551 4004 1569 4037 ‚
1609 3982 1750 4022 cum
1791 3960 2062 4039 ejusdem
2107 3976 2427 4025 comment.
2669 3962 2673 3991 ·'

824 4055 1069 4123 Elaevir.
1095 4055 1343 4115 Amstel.
2483 4062 2668 4123 16681
