<?xml version="1.0" encoding="UTF-8"?>
<!DOCTYPE html PUBLIC "-//W3C//DTD XHTML 1.0 Transitional//EN"
    "http://www.w3.org/TR/xhtml1/DTD/xhtml1-transitional.dtd">
<html xmlns="http://www.w3.org/1999/xhtml" xml:lang="en" lang="en">
 <head>
  <title>
</title>
<meta http-equiv="Content-Type" content="text/html;charset=utf-8" />
  <meta name='ocr-system' content='tesseract 3.04.00' />
  <meta name='ocr-capabilities' content='ocr_page ocr_carea ocr_par ocr_line ocrx_word'/>
</head>
<body>
  <div class='ocr_page' id='page_1' title='image "aulipersiiflacc00achagoog_0331.png"; bbox 0 0 2775 4619; ppageno 0'>
   <div class='ocr_carea' id='block_1_1' title="bbox 273 440 2309 2779">
    <p class='ocr_par' dir='ltr' id='par_1_1' title="bbox 273 440 2309 2779">
     <span class='ocr_line' id='line_1_1' title="bbox 593 440 2254 542; baseline 0.002 -27"><span class='ocrx_word' id='word_1_1' title='bbox 593 446 741 525; x_wconf 18' lang='lat' dir='ltr'>‘EX</span> <span class='ocrx_word' id='word_1_2' title='bbox 805 440 1120 515; x_wconf 86' lang='lat' dir='ltr'>LIBRO</span> <span class='ocrx_word' id='word_1_3' title='bbox 1173 446 1433 513; x_wconf 84' lang='lat' dir='ltr'><strong>XXVI</strong></span> <span class='ocrx_word' id='word_1_4' title='bbox 1494 448 1823 515; x_wconf 86' lang='lat' dir='ltr'><strong>SATIR.</strong></span> <span class='ocrx_word' id='word_1_5' title='bbox 2126 452 2254 542; x_wconf 81' lang='lat'><strong>287</strong></span> 
     </span>
     <span class='ocr_line' id='line_1_2' title="bbox 1091 574 1376 631; baseline -0.004 0"><span class='ocrx_word' id='word_1_6' title='bbox 1091 574 1152 631; x_wconf 90' lang='lat' dir='ltr'><strong>X</strong></span> <span class='ocrx_word' id='word_1_7' title='bbox 1168 576 1228 631; x_wconf 88' lang='lat' dir='ltr'><strong>X</strong></span> <span class='ocrx_word' id='word_1_8' title='bbox 1249 576 1308 630; x_wconf 91' lang='lat' dir='ltr'>X</span> <span class='ocrx_word' id='word_1_9' title='bbox 1327 576 1376 630; x_wconf 90' lang='grc' dir='ltr'><strong>Ι.</strong></span> 
     </span>
     <span class='ocr_line' id='line_1_3' title="bbox 275 670 2171 750; baseline -0.001 -18"><span class='ocrx_word' id='word_1_10' title='bbox 275 670 507 749; x_wconf 85' lang='lat' dir='ltr'><strong>Quidni</strong></span> <span class='ocrx_word' id='word_1_11' title='bbox 535 684 596 731; x_wconf 88' lang='lat' dir='ltr'><strong>et</strong></span> <span class='ocrx_word' id='word_1_12' title='bbox 622 683 692 730; x_wconf 84' lang='lat' dir='ltr'><strong>tu</strong></span> <span class='ocrx_word' id='word_1_13' title='bbox 713 671 876 731; x_wconf 84' lang='lat' dir='ltr'><strong>idem</strong></span> <span class='ocrx_word' id='word_1_14' title='bbox 903 670 1272 730; x_wconf 82' lang='lat' dir='ltr'><strong>illitteratum</strong></span> <span class='ocrx_word' id='word_1_15' title='bbox 1300 690 1399 729; x_wconf 86' lang='lat' dir='ltr'><strong>me</strong></span> <span class='ocrx_word' id='word_1_16' title='bbox 1426 681 1605 750; x_wconf 76' lang='lat' dir='ltr'><strong>atque</strong></span> <span class='ocrx_word' id='word_1_17' title='bbox 1630 671 1877 731; x_wconf 82' lang='lat' dir='ltr'><strong>idiotam</strong></span> <span class='ocrx_word' id='word_1_18' title='bbox 1897 671 2121 733; x_wconf 79' lang='lat' dir='ltr'>diceres</span> <span class='ocrx_word' id='word_1_19' title='bbox 2140 674 2171 731; x_wconf 77' lang='lat' dir='ltr'><strong>i&gt;</strong></span> 
     </span>
     <span class='ocr_line' id='line_1_4' title="bbox 1073 772 1401 827; baseline -0.003 0"><span class='ocrx_word' id='word_1_20' title='bbox 1073 772 1136 827; x_wconf 88' lang='lat' dir='ltr'>X</span> <span class='ocrx_word' id='word_1_21' title='bbox 1151 772 1212 827; x_wconf 88' lang='lat' dir='ltr'><strong>X</strong></span> <span class='ocrx_word' id='word_1_22' title='bbox 1229 772 1288 827; x_wconf 90' lang='lat' dir='ltr'><strong>X</strong></span> <span class='ocrx_word' id='word_1_23' title='bbox 1304 772 1333 826; x_wconf 92' lang='lat'>1</span> <span class='ocrx_word' id='word_1_24' title='bbox 1351 772 1401 826; x_wconf 92' lang='lat' dir='ltr'><strong>I.</strong></span> 
     </span>
     <span class='ocr_line' id='line_1_5' title="bbox 282 866 2010 946; baseline -0.001 -19"><span class='ocrx_word' id='word_1_25' title='bbox 282 872 496 927; x_wconf 81' lang='lat' dir='ltr'><strong>Rauco</strong></span> <span class='ocrx_word' id='word_1_26' title='bbox 526 866 875 927; x_wconf 85' lang='lat' dir='ltr'>concionem</span> <span class='ocrx_word' id='word_1_27' title='bbox 903 866 1103 927; x_wconf 82' lang='lat' dir='ltr'><strong>sonitu</strong></span> <span class='ocrx_word' id='word_1_28' title='bbox 1118 910 1135 939; x_wconf 84' lang='lat'>,</span> <span class='ocrx_word' id='word_1_29' title='bbox 1161 876 1221 925; x_wconf 87' lang='lat' dir='ltr'><strong>et</strong></span> <span class='ocrx_word' id='word_1_30' title='bbox 1247 866 1445 925; x_wconf 82' lang='lat' dir='ltr'><strong>curvis</strong></span> <span class='ocrx_word' id='word_1_31' title='bbox 1470 878 1683 946; x_wconf 81' lang='lat' dir='ltr'><strong>cogant</strong></span> <span class='ocrx_word' id='word_1_32' title='bbox 1706 866 2010 927; x_wconf 81' lang='lat' dir='ltr'><strong>cornibus.</strong></span> 
     </span>
     <span class='ocr_line' id='line_1_6' title="bbox 1028 966 1406 1024; baseline -0.011 0"><span class='ocrx_word' id='word_1_33' title='bbox 1028 968 1091 1024; x_wconf 87' lang='lat' dir='ltr'><strong>X</strong></span> <span class='ocrx_word' id='word_1_34' title='bbox 1111 966 1171 1022; x_wconf 90' lang='lat' dir='ltr'><strong>X</strong></span> <span class='ocrx_word' id='word_1_35' title='bbox 1187 966 1247 1022; x_wconf 87' lang='grc' dir='ltr'>Χ</span> <span class='ocrx_word' id='word_1_36' title='bbox 1263 968 1292 1022; x_wconf 93' lang='lat'>1</span> <span class='ocrx_word' id='word_1_37' title='bbox 1311 966 1340 1021; x_wconf 93' lang='lat'>1</span> <span class='ocrx_word' id='word_1_38' title='bbox 1357 966 1406 1021; x_wconf 93' lang='lat' dir='ltr'><strong>I.</strong></span> 
     </span>
     <span class='ocr_line' id='line_1_7' title="bbox 274 1062 2208 1143; baseline 0 -20"><span class='ocrx_word' id='word_1_39' title='bbox 274 1062 724 1143; x_wconf 81' lang='lat' dir='ltr'><strong>Depugnabunt</strong></span> <span class='ocrx_word' id='word_1_40' title='bbox 745 1080 856 1141; x_wconf 86' lang='lat' dir='ltr'><strong>pro</strong></span> <span class='ocrx_word' id='word_1_41' title='bbox 880 1072 940 1121; x_wconf 85' lang='lat' dir='ltr'><strong>te</strong></span> <span class='ocrx_word' id='word_1_42' title='bbox 961 1062 1102 1141; x_wconf 83' lang='lat' dir='ltr'><strong>ipsi,</strong></span> <span class='ocrx_word' id='word_1_43' title='bbox 1125 1073 1182 1119; x_wconf 88' lang='lat' dir='ltr'><strong>et</strong></span> <span class='ocrx_word' id='word_1_44' title='bbox 1204 1062 1562 1132; x_wconf 83' lang='lat' dir='ltr'><strong>morientur,</strong></span> <span class='ocrx_word' id='word_1_45' title='bbox 1586 1082 1653 1121; x_wconf 83' lang='lat' dir='ltr'><strong>ac</strong></span> <span class='ocrx_word' id='word_1_46' title='bbox 1677 1080 1739 1121; x_wconf 84' lang='lat' dir='ltr'><strong>se</strong></span> <span class='ocrx_word' id='word_1_47' title='bbox 1756 1062 1919 1123; x_wconf 84' lang='lat' dir='ltr'><strong>ultro</strong></span> <span class='ocrx_word' id='word_1_48' title='bbox 1941 1062 2208 1123; x_wconf 80' lang='lat' dir='ltr'><strong>efferent.</strong></span> 
     </span>
     <span class='ocr_line' id='line_1_8' title="bbox 1053 1161 1572 1218; baseline -0.006 0"><span class='ocrx_word' id='word_1_49' title='bbox 1053 1162 1113 1218; x_wconf 87' lang='grc' dir='ltr'>Χ</span> <span class='ocrx_word' id='word_1_50' title='bbox 1131 1162 1190 1217; x_wconf 97' lang='grc' dir='ltr'>Χ</span> <span class='ocrx_word' id='word_1_51' title='bbox 1209 1162 1269 1217; x_wconf 90' lang='grc' dir='ltr'>Χ</span> <span class='ocrx_word' id='word_1_52' title='bbox 1285 1161 1314 1216; x_wconf 90' lang='grc' dir='ltr'>Ι</span> <span class='ocrx_word' id='word_1_53' title='bbox 1331 1162 1405 1217; x_wconf 86' lang='lat' dir='ltr'><strong>V.</strong></span> <span class='ocrx_word' id='word_1_54' title='bbox 1562 1166 1572 1173; x_wconf 80' lang='grc'><em>”</em></span> 
     </span>
     <span class='ocr_line' id='line_1_9' title="bbox 281 1257 1642 1338; baseline -0.003 -19"><span class='ocrx_word' id='word_1_55' title='bbox 281 1260 410 1338; x_wconf 83' lang='lat' dir='ltr'><strong>Ego</strong></span> <span class='ocrx_word' id='word_1_56' title='bbox 435 1258 546 1317; x_wconf 82' lang='lat' dir='ltr'><strong>ubi</strong></span> <span class='ocrx_word' id='word_1_57' title='bbox 573 1278 754 1337; x_wconf 85' lang='lat' dir='ltr'><strong>quem</strong></span> <span class='ocrx_word' id='word_1_58' title='bbox 783 1278 856 1317; x_wconf 85' lang='lat' dir='ltr'><strong>ex</strong></span> <span class='ocrx_word' id='word_1_59' title='bbox 882 1257 1221 1337; x_wconf 84' lang='lat' dir='ltr'><strong>praecordiis</strong></span> <span class='ocrx_word' id='word_1_60' title='bbox 1241 1276 1415 1316; x_wconf 84' lang='lat' dir='ltr'><strong>versu</strong></span> <span class='ocrx_word' id='word_1_61' title='bbox 1440 1257 1642 1323; x_wconf 80' lang='lat' dir='ltr'><strong>effero.</strong></span> 
     </span>
     <span class='ocr_line' id='line_1_10' title="bbox 1075 1356 1371 1414; baseline -0.01 0"><span class='ocrx_word' id='word_1_62' title='bbox 1075 1358 1135 1414; x_wconf 87' lang='grc' dir='ltr'>Χ</span> <span class='ocrx_word' id='word_1_63' title='bbox 1152 1357 1212 1412; x_wconf 98' lang='grc' dir='ltr'>Χ</span> <span class='ocrx_word' id='word_1_64' title='bbox 1227 1356 1286 1413; x_wconf 88' lang='lat' dir='ltr'>X</span> <span class='ocrx_word' id='word_1_65' title='bbox 1299 1358 1371 1414; x_wconf 88' lang='lat' dir='ltr'><strong>V.</strong></span> 
     </span>
     <span class='ocr_line' id='line_1_11' title="bbox 277 1451 1888 1531; baseline -0.002 -17"><span class='ocrx_word' id='word_1_66' title='bbox 277 1456 416 1514; x_wconf 72' lang='lat' dir='ltr'><strong>Non</strong></span> <span class='ocrx_word' id='word_1_67' title='bbox 443 1452 668 1512; x_wconf 87' lang='lat' dir='ltr'><strong>idcirco</strong></span> <span class='ocrx_word' id='word_1_68' title='bbox 691 1451 996 1511; x_wconf 84' lang='lat' dir='ltr'><strong>extollitur</strong></span> <span class='ocrx_word' id='word_1_69' title='bbox 1015 1496 1033 1524; x_wconf 86' lang='lat'><strong>,</strong></span> <span class='ocrx_word' id='word_1_70' title='bbox 1064 1452 1162 1511; x_wconf 79' lang='lat' dir='ltr'><strong>vel</strong></span> <span class='ocrx_word' id='word_1_71' title='bbox 1189 1452 1288 1509; x_wconf 79' lang='lat' dir='ltr'><strong>irae</strong></span> <span class='ocrx_word' id='word_1_72' title='bbox 1307 1494 1324 1523; x_wconf 90' lang='lat'>‚</span> <span class='ocrx_word' id='word_1_73' title='bbox 1351 1451 1448 1509; x_wconf 84' lang='lat' dir='ltr'><strong>vel</strong></span> <span class='ocrx_word' id='word_1_74' title='bbox 1475 1451 1677 1531; x_wconf 76' lang='lat' dir='ltr'><strong>gaudii</strong></span> <span class='ocrx_word' id='word_1_75' title='bbox 1700 1451 1888 1511; x_wconf 83' lang='lat' dir='ltr'><strong>dator.</strong></span> 
     </span>
     <span class='ocr_line' id='line_1_12' title="bbox 1051 1550 1391 1608; baseline -0.003 0"><span class='ocrx_word' id='word_1_76' title='bbox 1051 1552 1111 1608; x_wconf 98' lang='lat' dir='ltr'>X</span> <span class='ocrx_word' id='word_1_77' title='bbox 1129 1552 1187 1607; x_wconf 92' lang='lat' dir='ltr'><strong>X</strong></span> <span class='ocrx_word' id='word_1_78' title='bbox 1205 1550 1266 1607; x_wconf 91' lang='lat' dir='ltr'>X</span> <span class='ocrx_word' id='word_1_79' title='bbox 1277 1554 1332 1608; x_wconf 88' lang='lat' dir='ltr'>V</span> <span class='ocrx_word' id='word_1_80' title='bbox 1343 1554 1391 1608; x_wconf 92' lang='lat' dir='ltr'><strong>I.</strong></span> 
     </span>
     <span class='ocr_line' id='line_1_13' title="bbox 277 1644 2123 1727; baseline -0.001 -19"><span class='ocrx_word' id='word_1_81' title='bbox 277 1650 367 1708; x_wconf 87' lang='lat' dir='ltr'><strong>Ita</strong></span> <span class='ocrx_word' id='word_1_82' title='bbox 385 1661 454 1707; x_wconf 88' lang='lat' dir='ltr'><strong>ut</strong></span> <span class='ocrx_word' id='word_1_83' title='bbox 470 1648 725 1727; x_wconf 84' lang='lat' dir='ltr'><strong>quisque</strong></span> <span class='ocrx_word' id='word_1_84' title='bbox 742 1648 1012 1709; x_wconf 69' lang='lat' dir='ltr'><strong>noan-um</strong></span> <span class='ocrx_word' id='word_1_85' title='bbox 1031 1668 1066 1707; x_wconf 84' lang='lat' dir='ltr'><strong>c</strong></span> <span class='ocrx_word' id='word_1_86' title='bbox 1087 1644 1267 1727; x_wconf 86' lang='lat' dir='ltr'><strong>bulga</strong></span> <span class='ocrx_word' id='word_1_87' title='bbox 1288 1660 1374 1705; x_wconf 86' lang='lat' dir='ltr'><strong>est</strong></span> <span class='ocrx_word' id='word_1_88' title='bbox 1395 1649 1595 1707; x_wconf 86' lang='lat' dir='ltr'><strong>matris</strong></span> <span class='ocrx_word' id='word_1_89' title='bbox 1611 1648 1674 1707; x_wconf 90' lang='lat' dir='ltr'><strong>in</strong></span> <span class='ocrx_word' id='word_1_90' title='bbox 1690 1649 1890 1708; x_wconf 84' lang='lat' dir='ltr'><strong>lucem</strong></span> <span class='ocrx_word' id='word_1_91' title='bbox 1908 1648 2123 1709; x_wconf 85' lang='lat' dir='ltr'><strong>editus.</strong></span> 
     </span>
     <span class='ocr_line' id='line_1_14' title="bbox 1027 1746 1426 1805; baseline -0.01 0"><span class='ocrx_word' id='word_1_92' title='bbox 1027 1748 1090 1805; x_wconf 86' lang='lat' dir='ltr'><strong>X</strong></span> <span class='ocrx_word' id='word_1_93' title='bbox 1107 1748 1167 1803; x_wconf 81' lang='lat' dir='ltr'><strong>X</strong></span> <span class='ocrx_word' id='word_1_94' title='bbox 1185 1748 1243 1803; x_wconf 89' lang='grc' dir='ltr'>Χ</span> <span class='ocrx_word' id='word_1_95' title='bbox 1259 1748 1312 1804; x_wconf 88' lang='lat' dir='ltr'>V</span> <span class='ocrx_word' id='word_1_96' title='bbox 1327 1746 1356 1802; x_wconf 86' lang='lat'>1</span> <span class='ocrx_word' id='word_1_97' title='bbox 1378 1748 1426 1802; x_wconf 88' lang='grc' dir='ltr'><strong>Ι.</strong></span> 
     </span>
     <span class='ocr_line' id='line_1_15' title="bbox 277 1842 1569 1922; baseline -0.004 -19"><span class='ocrx_word' id='word_1_98' title='bbox 277 1848 372 1903; x_wconf 82' lang='lat' dir='ltr'><strong>Tu</strong></span> <span class='ocrx_word' id='word_1_99' title='bbox 399 1842 450 1901; x_wconf 88' lang='lat' dir='ltr'><strong>si</strong></span> <span class='ocrx_word' id='word_1_100' title='bbox 474 1842 639 1902; x_wconf 82' lang='lat' dir='ltr'><strong>voles</strong></span> <span class='ocrx_word' id='word_1_101' title='bbox 663 1862 774 1922; x_wconf 86' lang='lat' dir='ltr'><strong>per</strong></span> <span class='ocrx_word' id='word_1_102' title='bbox 801 1843 993 1902; x_wconf 85' lang='lat' dir='ltr'><strong>aureis</strong></span> <span class='ocrx_word' id='word_1_103' title='bbox 1024 1854 1232 1921; x_wconf 85' lang='lat' dir='ltr'><strong>pectus</strong></span> <span class='ocrx_word' id='word_1_104' title='bbox 1259 1842 1569 1921; x_wconf 80' lang='lat' dir='ltr'><strong>irrigarier.</strong></span> 
     </span>
     <span class='ocr_line' id='line_1_16' title="bbox 981 1942 1423 1998; baseline -0.002 0"><span class='ocrx_word' id='word_1_105' title='bbox 981 1942 1041 1998; x_wconf 87' lang='lat' dir='ltr'><strong>X</strong></span> <span class='ocrx_word' id='word_1_106' title='bbox 1060 1943 1117 1998; x_wconf 88' lang='lat' dir='ltr'>X</span> <span class='ocrx_word' id='word_1_107' title='bbox 1135 1943 1194 1998; x_wconf 91' lang='lat' dir='ltr'><strong>X</strong></span> <span class='ocrx_word' id='word_1_108' title='bbox 1207 1942 1260 1998; x_wconf 88' lang='lat' dir='ltr'>V</span> <span class='ocrx_word' id='word_1_109' title='bbox 1275 1943 1303 1997; x_wconf 79' lang='grc' dir='ltr'>Ι</span> <span class='ocrx_word' id='word_1_110' title='bbox 1326 1943 1355 1997; x_wconf 92' lang='lat'>1</span> <span class='ocrx_word' id='word_1_111' title='bbox 1371 1943 1423 1997; x_wconf 90' lang='grc' dir='ltr'><strong>Ι.</strong></span> 
     </span>
     <span class='ocr_line' id='line_1_17' title="bbox 281 2034 2134 2117; baseline 0 -22"><span class='ocrx_word' id='word_1_112' title='bbox 281 2036 404 2111; x_wconf 90' lang='lat' dir='ltr'><strong>Qui</strong></span> <span class='ocrx_word' id='word_1_113' title='bbox 431 2058 534 2097; x_wconf 84' lang='lat' dir='ltr'><strong>sex</strong></span> <span class='ocrx_word' id='word_1_114' title='bbox 557 2056 787 2097; x_wconf 85' lang='lat' dir='ltr'><strong>menses</strong></span> <span class='ocrx_word' id='word_1_115' title='bbox 810 2036 990 2095; x_wconf 86' lang='lat' dir='ltr'><strong>vitam</strong></span> <span class='ocrx_word' id='word_1_116' title='bbox 1011 2036 1271 2108; x_wconf 87' lang='lat' dir='ltr'><strong>ducunt,</strong></span> <span class='ocrx_word' id='word_1_117' title='bbox 1297 2039 1457 2095; x_wconf 84' lang='lat' dir='ltr'><strong>Orco</strong></span> <span class='ocrx_word' id='word_1_118' title='bbox 1479 2034 1771 2115; x_wconf 79' lang='lat' dir='ltr'><strong>spondent</strong></span> <span class='ocrx_word' id='word_1_119' title='bbox 1798 2038 2134 2117; x_wconf 85' lang='lat' dir='ltr'><strong>septimum.</strong></span> 
     </span>
     <span class='ocr_line' id='line_1_18' title="bbox 1040 2128 1419 2193; baseline 0.003 -1"><span class='ocrx_word' id='word_1_120' title='bbox 1040 2137 1103 2192; x_wconf 92' lang='lat' dir='ltr'><strong>X</strong></span> <span class='ocrx_word' id='word_1_121' title='bbox 1121 2137 1180 2192; x_wconf 92' lang='lat' dir='ltr'><strong>X</strong></span> <span class='ocrx_word' id='word_1_122' title='bbox 1197 2138 1257 2193; x_wconf 91' lang='lat' dir='ltr'><strong>X</strong></span> <span class='ocrx_word' id='word_1_123' title='bbox 1275 2138 1302 2192; x_wconf 89' lang='grc' dir='ltr'>Ι</span> <span class='ocrx_word' id='word_1_124' title='bbox 1320 2138 1399 2193; x_wconf 92' lang='lat' dir='ltr'>X.</span> <span class='ocrx_word' id='word_1_125' title='bbox 1414 2128 1419 2131; x_wconf 66' lang='grc'><strong>’</strong></span> 
     </span>
     <span class='ocr_line' id='line_1_19' title="bbox 275 2230 1799 2309; baseline -0.001 -16"><span class='ocrx_word' id='word_1_126' title='bbox 275 2231 471 2293; x_wconf 85' lang='lat' dir='ltr'><strong>Facile</strong></span> <span class='ocrx_word' id='word_1_127' title='bbox 499 2230 842 2292; x_wconf 72' lang='lat' dir='ltr'><strong>deridemur</strong></span> <span class='ocrx_word' id='word_1_128' title='bbox 861 2276 877 2304; x_wconf 90' lang='lat'>‚</span> <span class='ocrx_word' id='word_1_129' title='bbox 905 2233 1123 2291; x_wconf 83' lang='lat' dir='ltr'><strong>scimus</strong></span> <span class='ocrx_word' id='word_1_130' title='bbox 1149 2232 1366 2309; x_wconf 83' lang='lat' dir='ltr'><strong>capital</strong></span> <span class='ocrx_word' id='word_1_131' title='bbox 1394 2252 1517 2292; x_wconf 81' lang='lat' dir='ltr'><strong>esse</strong></span> <span class='ocrx_word' id='word_1_132' title='bbox 1548 2232 1799 2293; x_wconf 74' lang='lat' dir='ltr'><strong>irascier.</strong></span> 
     </span>
     <span class='ocr_line' id='line_1_20' title="bbox 431 2334 1303 2389; baseline -0.001 0"><span class='ocrx_word' id='word_1_133' title='bbox 431 2339 440 2352; x_wconf 80' lang='lat'><strong><em>¹</em></strong></span> <span class='ocrx_word' id='word_1_134' title='bbox 683 2337 690 2344; x_wconf 86' lang='lat'><strong>‘</strong></span> <span class='ocrx_word' id='word_1_135' title='bbox 1157 2334 1217 2389; x_wconf 91' lang='grc' dir='ltr'>Χ</span> <span class='ocrx_word' id='word_1_136' title='bbox 1235 2335 1303 2388; x_wconf 91' lang='lat' dir='ltr'><strong>L.</strong></span> 
     </span>
     <span class='ocr_line' id='line_1_21' title="bbox 281 2427 1957 2510; baseline 0 -22"><span class='ocrx_word' id='word_1_137' title='bbox 281 2431 421 2488; x_wconf 85' lang='lat' dir='ltr'><strong>Pars</strong></span> <span class='ocrx_word' id='word_1_138' title='bbox 452 2427 718 2488; x_wconf 84' lang='lat' dir='ltr'><strong>difflatur</strong></span> <span class='ocrx_word' id='word_1_139' title='bbox 741 2441 919 2488; x_wconf 80' lang='lat' dir='ltr'><strong>vento</strong></span> <span class='ocrx_word' id='word_1_140' title='bbox 940 2471 958 2501; x_wconf 88' lang='lat'>,</span> <span class='ocrx_word' id='word_1_141' title='bbox 986 2447 1122 2507; x_wconf 81' lang='lat' dir='ltr'><strong>pars</strong></span> <span class='ocrx_word' id='word_1_142' title='bbox 1149 2440 1350 2486; x_wconf 86' lang='lat' dir='ltr'><strong>autem</strong></span> <span class='ocrx_word' id='word_1_143' title='bbox 1376 2429 1695 2508; x_wconf 79' lang='lat' dir='ltr'><strong>obrigescit</strong></span> <span class='ocrx_word' id='word_1_144' title='bbox 1723 2429 1957 2510; x_wconf 82' lang='lat' dir='ltr'><strong>frigore.</strong></span> 
     </span>
     <span class='ocr_line' id='line_1_22' title="bbox 405 2529 1311 2584; baseline 0 0"><span class='ocrx_word' id='word_1_145' title='bbox 405 2533 410 2538; x_wconf 80' lang='grc'><strong>’</strong></span> <span class='ocrx_word' id='word_1_146' title='bbox 1118 2529 1178 2584; x_wconf 87' lang='lat' dir='ltr'><strong>X</strong></span> <span class='ocrx_word' id='word_1_147' title='bbox 1196 2529 1245 2583; x_wconf 88' lang='lat' dir='ltr'>L</span> <span class='ocrx_word' id='word_1_148' title='bbox 1263 2530 1311 2584; x_wconf 92' lang='grc' dir='ltr'><strong>Ι.</strong></span> 
     </span>
     <span class='ocr_line' id='line_1_23' title="bbox 273 2621 2309 2704; baseline -0.001 -19"><span class='ocrx_word' id='word_1_149' title='bbox 273 2628 611 2685; x_wconf 69' lang='lat' dir='ltr'><strong>Paucorum</strong></span> <span class='ocrx_word' id='word_1_150' title='bbox 632 2635 810 2703; x_wconf 77' lang='lat' dir='ltr'><strong>utque</strong></span> <span class='ocrx_word' id='word_1_151' title='bbox 835 2623 952 2683; x_wconf 87' lang='lat' dir='ltr'><strong>hoe</strong></span> <span class='ocrx_word' id='word_1_152' title='bbox 977 2637 1152 2703; x_wconf 88' lang='lat' dir='ltr'><strong>paeto</strong></span> <span class='ocrx_word' id='word_1_153' title='bbox 1180 2624 1230 2680; x_wconf 79' lang='lat' dir='ltr'><strong>si</strong></span> <span class='ocrx_word' id='word_1_154' title='bbox 1259 2621 1412 2682; x_wconf 85' lang='lat' dir='ltr'><strong>nihil</strong></span> <span class='ocrx_word' id='word_1_155' title='bbox 1436 2637 1633 2704; x_wconf 79' lang='lat' dir='ltr'><strong>gustat</strong></span> <span class='ocrx_word' id='word_1_156' title='bbox 1658 2625 1813 2685; x_wconf 84' lang='lat' dir='ltr'><strong>inter</strong></span> <span class='ocrx_word' id='word_1_157' title='bbox 1836 2626 2191 2686; x_wconf 87' lang='lat' dir='ltr'><strong>nundinum.</strong></span> <span class='ocrx_word' id='word_1_158' title='bbox 2302 2629 2309 2634; x_wconf 80' lang='grc'><strong>“</strong></span> 
     </span>
     <span class='ocr_line' id='line_1_24' title="bbox 1089 2723 1916 2779; baseline 0 0"><span class='ocrx_word' id='word_1_159' title='bbox 1089 2724 1148 2779; x_wconf 91' lang='lat' dir='ltr'><strong>X</strong></span> <span class='ocrx_word' id='word_1_160' title='bbox 1164 2723 1213 2777; x_wconf 88' lang='lat' dir='ltr'>L</span> <span class='ocrx_word' id='word_1_161' title='bbox 1233 2723 1262 2777; x_wconf 92' lang='lat'>1</span> <span class='ocrx_word' id='word_1_162' title='bbox 1280 2725 1331 2779; x_wconf 94' lang='lat' dir='ltr'><strong>I.</strong></span> <span class='ocrx_word' id='word_1_163' title='bbox 1911 2737 1916 2741; x_wconf 87' lang='grc'><em>“</em></span> 
     </span>
    </p>
   </div>
   <div class='ocr_carea' id='block_1_2' title="bbox 269 2817 1435 2900">
    <p class='ocr_par' dir='ltr' id='par_1_2' title="bbox 269 2817 1435 2900">
     <span class='ocr_line' id='line_1_25' title="bbox 269 2817 1435 2900; baseline -0.004 -20"><span class='ocrx_word' id='word_1_164' title='bbox 269 2821 580 2880; x_wconf 74' lang='lat' dir='ltr'><strong>Praeterito</strong></span> <span class='ocrx_word' id='word_1_165' title='bbox 605 2819 810 2899; x_wconf 87' lang='lat' dir='ltr'><strong>tepido</strong></span> <span class='ocrx_word' id='word_1_166' title='bbox 835 2817 1160 2900; x_wconf 85' lang='lat' dir='ltr'><strong>glutinator</strong></span> <span class='ocrx_word' id='word_1_167' title='bbox 1183 2817 1435 2898; x_wconf 84' lang='lat' dir='ltr'><strong>glutino.</strong></span> 
     </span>
    </p>
   </div>
   <div class='ocr_carea' id='block_1_3' title="bbox 187 3025 1187 4124">
    <p class='ocr_par' dir='ltr' id='par_1_3' title="bbox 187 3025 1187 3251">
     <span class='ocr_line' id='line_1_26' title="bbox 269 3025 1186 3084; baseline -0.002 -8"><span class='ocrx_word' id='word_1_168' title='bbox 269 3030 355 3077; x_wconf 81' lang='lat'><strong>31.</strong></span> <span class='ocrx_word' id='word_1_169' title='bbox 395 3025 599 3076; x_wconf 72' lang='lat' dir='ltr'><strong>Nonius</strong></span> <span class='ocrx_word' id='word_1_170' title='bbox 629 3042 642 3075; x_wconf 73' lang='grc' dir='ltr'><em>τ</em></span> <span class='ocrx_word' id='word_1_171' title='bbox 679 3025 870 3074; x_wconf 78' lang='lat' dir='ltr'><strong>Idiotas</strong></span> <span class='ocrx_word' id='word_1_172' title='bbox 890 3060 908 3084; x_wconf 87' lang='lat'>‚</span> <span class='ocrx_word' id='word_1_173' title='bbox 943 3039 970 3073; x_wconf 77' lang='lat' dir='ltr'>a</span> <span class='ocrx_word' id='word_1_174' title='bbox 1009 3027 1186 3074; x_wconf 81' lang='lat' dir='ltr'><strong>Graeco</strong></span> 
     </span>
     <span class='ocr_line' id='line_1_27' title="bbox 187 3102 1187 3179; baseline -0.005 -20"><span class='ocrx_word' id='word_1_175' title='bbox 187 3120 410 3159; x_wconf 79' lang='lat' dir='ltr'><strong>tractum</strong></span> <span class='ocrx_word' id='word_1_176' title='bbox 423 3102 628 3167; x_wconf 69' lang='grc' dir='ltr'>ἰδιώτης</span> <span class='ocrx_word' id='word_1_177' title='bbox 643 3145 657 3170; x_wconf 89' lang='grc'><em>,</em></span> <span class='ocrx_word' id='word_1_178' title='bbox 676 3107 884 3154; x_wconf 83' lang='lat' dir='ltr'><strong>inutiles</strong></span> <span class='ocrx_word' id='word_1_179' title='bbox 895 3140 914 3176; x_wconf 40' lang='grc' dir='ltr'><strong>,Ι</strong></span> <span class='ocrx_word' id='word_1_180' title='bbox 926 3107 1074 3179; x_wconf 58' lang='lat' dir='ltr'><strong>quusi</strong></span> <span class='ocrx_word' id='word_1_181' title='bbox 1088 3105 1187 3155; x_wconf 85' lang='lat' dir='ltr'><strong>sibi</strong></span> 
     </span>
     <span class='ocr_line' id='line_1_28' title="bbox 188 3186 1008 3251; baseline -0.007 -13"><span class='ocrx_word' id='word_1_182' title='bbox 188 3199 392 3238; x_wconf 78' lang='lat' dir='ltr'><strong>tantum</strong></span> <span class='ocrx_word' id='word_1_183' title='bbox 411 3221 429 3249; x_wconf 90' lang='lat'>‚</span> <span class='ocrx_word' id='word_1_184' title='bbox 456 3201 566 3234; x_wconf 82' lang='lat' dir='ltr'><strong>nou</strong></span> <span class='ocrx_word' id='word_1_185' title='bbox 593 3186 823 3251; x_wconf 77' lang='lat' dir='ltr'><strong>plurimis</strong></span> <span class='ocrx_word' id='word_1_186' title='bbox 841 3186 1008 3233; x_wconf 85' lang='lat' dir='ltr'><strong>utiles.</strong></span> 
     </span>
    </p>

    <p class='ocr_par' dir='ltr' id='par_1_4' title="bbox 189 3266 1186 3721">
     <span class='ocr_line' id='line_1_29' title="bbox 269 3266 1186 3332; baseline -0.003 -15"><span class='ocrx_word' id='word_1_187' title='bbox 269 3271 356 3317; x_wconf 80' lang='lat'><strong>32.</strong></span> <span class='ocrx_word' id='word_1_188' title='bbox 399 3267 633 3316; x_wconf 80' lang='lat' dir='ltr'><strong>Nonius:</strong></span> <span class='ocrx_word' id='word_1_189' title='bbox 669 3267 849 3332; x_wconf 62' lang='lat' dir='ltr'><strong>Cogere</strong></span> <span class='ocrx_word' id='word_1_190' title='bbox 869 3299 888 3323; x_wconf 91' lang='lat'><em>,</em></span> <span class='ocrx_word' id='word_1_191' title='bbox 928 3266 986 3313; x_wconf 82' lang='lat' dir='ltr'><strong>iu</strong></span> <span class='ocrx_word' id='word_1_192' title='bbox 1023 3281 1186 3314; x_wconf 84' lang='lat' dir='ltr'><strong>uuum</strong></span> 
     </span>
     <span class='ocr_line' id='line_1_30' title="bbox 191 3347 1185 3416; baseline -0.003 -18"><span class='ocrx_word' id='word_1_193' title='bbox 191 3351 534 3416; x_wconf 76' lang='lat' dir='ltr'><strong>colligere.—-</strong></span> <span class='ocrx_word' id='word_1_194' title='bbox 545 3349 746 3414; x_wconf 80' lang='lat' dir='ltr'><strong>Lipsius</strong></span> <span class='ocrx_word' id='word_1_195' title='bbox 771 3357 916 3413; x_wconf 77' lang='lat' dir='ltr'><strong>putat</strong></span> <span class='ocrx_word' id='word_1_196' title='bbox 935 3347 1185 3395; x_wconf 82' lang='lat' dir='ltr'><strong>Lucilium</strong></span> 
     </span>
     <span class='ocr_line' id='line_1_31' title="bbox 189 3429 1184 3496; baseline -0.004 -18"><span class='ocrx_word' id='word_1_197' title='bbox 189 3431 468 3496; x_wconf 69' lang='lat' dir='ltr'><strong>respexisse</strong></span> <span class='ocrx_word' id='word_1_198' title='bbox 481 3429 546 3478; x_wconf 77' lang='lat' dir='ltr'><strong>ad</strong></span> <span class='ocrx_word' id='word_1_199' title='bbox 557 3445 750 3478; x_wconf 81' lang='lat' dir='ltr'><strong>morem</strong></span> <span class='ocrx_word' id='word_1_200' title='bbox 763 3431 1069 3485; x_wconf 70' lang='lat' dir='ltr'><strong>Romanum,</strong></span> <span class='ocrx_word' id='word_1_201' title='bbox 1079 3443 1184 3492; x_wconf 90' lang='lat' dir='ltr'><strong>qno</strong></span> 
     </span>
     <span class='ocr_line' id='line_1_32' title="bbox 193 3508 1186 3558; baseline -0.002 0"><span class='ocrx_word' id='word_1_202' title='bbox 193 3510 461 3558; x_wconf 72' lang='lat' dir='ltr'><strong>classicum</strong></span> <span class='ocrx_word' id='word_1_203' title='bbox 477 3511 534 3557; x_wconf 90' lang='lat' dir='ltr'><strong>in</strong></span> <span class='ocrx_word' id='word_1_204' title='bbox 555 3509 886 3558; x_wconf 77' lang='lat' dir='ltr'><strong>celeberrimis</strong></span> <span class='ocrx_word' id='word_1_205' title='bbox 905 3508 1046 3556; x_wconf 83' lang='lat' dir='ltr'><strong>urbis</strong></span> <span class='ocrx_word' id='word_1_206' title='bbox 1060 3509 1186 3556; x_wconf 82' lang='lat' dir='ltr'><strong>locis</strong></span> 
     </span>
     <span class='ocr_line' id='line_1_33' title="bbox 191 3589 1184 3655; baseline -0.002 -16"><span class='ocrx_word' id='word_1_207' title='bbox 191 3592 434 3650; x_wconf 62' lang='lat' dir='ltr'><strong>canebat,</strong></span> <span class='ocrx_word' id='word_1_208' title='bbox 455 3590 572 3640; x_wconf 69' lang='lat' dir='ltr'><strong>eum</strong></span> <span class='ocrx_word' id='word_1_209' title='bbox 601 3591 699 3640; x_wconf 76' lang='lat' dir='ltr'><strong>civi</strong></span> <span class='ocrx_word' id='word_1_210' title='bbox 725 3591 798 3638; x_wconf 85' lang='lat' dir='ltr'><strong>rei</strong></span> <span class='ocrx_word' id='word_1_211' title='bbox 827 3590 1054 3655; x_wconf 69' lang='lat' dir='ltr'><strong>capitalis</strong></span> <span class='ocrx_word' id='word_1_212' title='bbox 1079 3589 1184 3638; x_wconf 82' lang='lat' dir='ltr'><strong>dies</strong></span> 
     </span>
     <span class='ocr_line' id='line_1_34' title="bbox 194 3673 498 3721; baseline 0 -1"><span class='ocrx_word' id='word_1_213' title='bbox 194 3673 334 3721; x_wconf 78' lang='lat' dir='ltr'><strong>dicta</strong></span> <span class='ocrx_word' id='word_1_214' title='bbox 356 3683 498 3721; x_wconf 82' lang='lat' dir='ltr'><strong>esset.</strong></span> 
     </span>
    </p>

    <p class='ocr_par' dir='ltr' id='par_1_5' title="bbox 270 3751 1120 3820">
     <span class='ocr_line' id='line_1_35' title="bbox 270 3751 1120 3820; baseline -0.002 -17"><span class='ocrx_word' id='word_1_215' title='bbox 270 3755 358 3803; x_wconf 78' lang='lat'><strong>33.</strong></span> <span class='ocrx_word' id='word_1_216' title='bbox 387 3754 613 3803; x_wconf 71' lang='lat' dir='ltr'><strong>Nonius:</strong></span> <span class='ocrx_word' id='word_1_217' title='bbox 637 3752 830 3820; x_wconf 70' lang='lat' dir='ltr'><strong>Effer-re</strong></span> <span class='ocrx_word' id='word_1_218' title='bbox 841 3789 858 3812; x_wconf 94' lang='lat'><em>,</em></span> <span class='ocrx_word' id='word_1_219' title='bbox 889 3751 1120 3802; x_wconf 79' lang='lat' dir='ltr'><strong>subdere.</strong></span> 
     </span>
    </p>

    <p class='ocr_par' dir='ltr' id='par_1_6' title="bbox 195 3833 1186 3980">
     <span class='ocr_line' id='line_1_36' title="bbox 273 3833 1186 3901; baseline 0 -19"><span class='ocrx_word' id='word_1_220' title='bbox 273 3835 362 3892; x_wconf 76' lang='grc'><strong>34.</strong></span> <span class='ocrx_word' id='word_1_221' title='bbox 409 3835 610 3884; x_wconf 79' lang='lat' dir='ltr'><strong>Nonius</strong></span> <span class='ocrx_word' id='word_1_222' title='bbox 640 3853 654 3884; x_wconf 72' lang='grc' dir='ltr'><strong><em>ε</em></strong></span> <span class='ocrx_word' id='word_1_223' title='bbox 701 3833 892 3900; x_wconf 75' lang='lat' dir='ltr'><strong>Bffirre</strong></span> <span class='ocrx_word' id='word_1_224' title='bbox 936 3833 1186 3901; x_wconf 76' lang='lat' dir='ltr'><strong>sig-nificat</strong></span> 
     </span>
     <span class='ocr_line' id='line_1_37' title="bbox 195 3916 443 3980; baseline 0.008 -18"><span class='ocrx_word' id='word_1_225' title='bbox 195 3916 443 3980; x_wconf 76' lang='lat' dir='ltr'><strong>proferre.</strong></span> 
     </span>
    </p>

    <p class='ocr_par' dir='ltr' id='par_1_7' title="bbox 194 3992 1185 4124">
     <span class='ocr_line' id='line_1_38' title="bbox 271 3992 1185 4063; baseline 0.008 -24"><span class='ocrx_word' id='word_1_226' title='bbox 271 3993 358 4040; x_wconf 82' lang='lat'><strong>35.</strong></span> <span class='ocrx_word' id='word_1_227' title='bbox 381 3993 606 4044; x_wconf 75' lang='lat' dir='ltr'><strong>Nonius:</strong></span> <span class='ocrx_word' id='word_1_228' title='bbox 628 3992 852 4060; x_wconf 78' lang='lat' dir='ltr'><strong>Effert-e,</strong></span> <span class='ocrx_word' id='word_1_229' title='bbox 872 3994 1044 4057; x_wconf 72' lang='lat' dir='ltr'><strong>edors,</strong></span> <span class='ocrx_word' id='word_1_230' title='bbox 1064 4011 1185 4063; x_wconf 78' lang='lat' dir='ltr'><strong>pro-</strong></span> 
     </span>
     <span class='ocr_line' id='line_1_39' title="bbox 194 4071 398 4124; baseline 0.02 -5"><span class='ocrx_word' id='word_1_231' title='bbox 194 4071 398 4124; x_wconf 73' lang='lat' dir='ltr'><strong>vehere.</strong></span> 
     </span>
    </p>
   </div>
   <div class='ocr_carea' id='block_1_4' title="bbox 1263 3021 2255 4143">
    <p class='ocr_par' dir='ltr' id='par_1_8' title="bbox 1263 3021 2254 3330">
     <span class='ocr_line' id='line_1_40' title="bbox 1339 3021 2254 3094; baseline 0.007 -23"><span class='ocrx_word' id='word_1_232' title='bbox 1339 3023 1425 3071; x_wconf 85' lang='grc'><strong>36.</strong></span> <span class='ocrx_word' id='word_1_233' title='bbox 1452 3021 1683 3073; x_wconf 75' lang='lat' dir='ltr'><strong>Nonius:</strong></span> <span class='ocrx_word' id='word_1_234' title='bbox 1708 3021 1871 3087; x_wconf 51' lang='lat' dir='ltr'><strong>Belga</strong></span> <span class='ocrx_word' id='word_1_235' title='bbox 1896 3033 1971 3072; x_wconf 87' lang='lat' dir='ltr'><strong>est</strong></span> <span class='ocrx_word' id='word_1_236' title='bbox 1989 3023 2254 3094; x_wconf 40' lang='lat' dir='ltr'><strong>folliculus⁸</strong></span> 
     </span>
     <span class='ocr_line' id='line_1_41' title="bbox 1265 3105 2247 3168; baseline 0.005 -15"><span class='ocrx_word' id='word_1_237' title='bbox 1265 3105 1456 3162; x_wconf 85' lang='lat' dir='ltr'><strong>omnis,</strong></span> <span class='ocrx_word' id='word_1_238' title='bbox 1484 3119 1635 3168; x_wconf 78' lang='lat' dir='ltr'><strong>qnam</strong></span> <span class='ocrx_word' id='word_1_239' title='bbox 1662 3113 1713 3150; x_wconf 85' lang='lat' dir='ltr'><strong>ct</strong></span> <span class='ocrx_word' id='word_1_240' title='bbox 1742 3119 2029 3152; x_wconf 80' lang='lat' dir='ltr'><strong>crumenam</strong></span> <span class='ocrx_word' id='word_1_241' title='bbox 2058 3117 2247 3158; x_wconf 83' lang='lat' dir='ltr'><strong>veteres</strong></span> 
     </span>
     <span class='ocr_line' id='line_1_42' title="bbox 1263 3185 2248 3250; baseline 0.005 -17"><span class='ocrx_word' id='word_1_242' title='bbox 1263 3185 1608 3250; x_wconf 58' lang='lat' dir='ltr'><strong>appella-unu</strong></span> <span class='ocrx_word' id='word_1_243' title='bbox 1632 3195 1684 3232; x_wconf 84' lang='lat' dir='ltr'><strong>et</strong></span> <span class='ocrx_word' id='word_1_244' title='bbox 1704 3194 1779 3232; x_wconf 85' lang='lat' dir='ltr'><strong>est</strong></span> <span class='ocrx_word' id='word_1_245' title='bbox 1801 3185 2031 3235; x_wconf 76' lang='lat' dir='ltr'><strong>sacculus</strong></span> <span class='ocrx_word' id='word_1_246' title='bbox 2052 3189 2117 3236; x_wconf 81' lang='lat' dir='ltr'><strong>ad</strong></span> <span class='ocrx_word' id='word_1_247' title='bbox 2133 3188 2248 3238; x_wconf 82' lang='lat' dir='ltr'><strong>bra·-</strong></span> 
     </span>
     <span class='ocr_line' id='line_1_43' title="bbox 1264 3265 1707 3330; baseline -0.005 -14"><span class='ocrx_word' id='word_1_248' title='bbox 1264 3266 1437 3316; x_wconf 82' lang='lat' dir='ltr'><strong>chium</strong></span> <span class='ocrx_word' id='word_1_249' title='bbox 1464 3265 1707 3330; x_wconf 76' lang='lat' dir='ltr'><strong>pendens.</strong></span> 
     </span>
    </p>

    <p class='ocr_par' dir='ltr' id='par_1_9' title="bbox 1337 3347 2244 3414">
     <span class='ocr_line' id='line_1_44' title="bbox 1337 3347 2244 3414; baseline 0.004 -20"><span class='ocrx_word' id='word_1_250' title='bbox 1337 3349 1423 3414; x_wconf 83' lang='lat'><strong>37.</strong></span> <span class='ocrx_word' id='word_1_251' title='bbox 1451 3347 1587 3395; x_wconf 78' lang='lat' dir='ltr'><strong>Non.</strong></span> <span class='ocrx_word' id='word_1_252' title='bbox 1616 3348 1947 3396; x_wconf 74' lang='lat' dir='ltr'><strong>Aoeussfivus</strong></span> <span class='ocrx_word' id='word_1_253' title='bbox 1966 3365 2061 3413; x_wconf 79' lang='lat' dir='ltr'><strong>prp</strong></span> <span class='ocrx_word' id='word_1_254' title='bbox 2090 3348 2244 3398; x_wconf 78' lang='lat' dir='ltr'><strong>sblst.</strong></span> 
     </span>
    </p>

    <p class='ocr_par' dir='ltr' id='par_1_10' title="bbox 1263 3429 2249 3655">
     <span class='ocr_line' id='line_1_45' title="bbox 1337 3429 2248 3488; baseline 0.002 -12"><span class='ocrx_word' id='word_1_255' title='bbox 1337 3431 1423 3476; x_wconf 84' lang='grc'><strong>38.</strong></span> <span class='ocrx_word' id='word_1_256' title='bbox 1462 3429 1659 3478; x_wconf 80' lang='lat' dir='ltr'><strong>Nonius</strong></span> <span class='ocrx_word' id='word_1_257' title='bbox 1676 3463 1690 3488; x_wconf 94' lang='lat'><strong>,</strong></span> <span class='ocrx_word' id='word_1_258' title='bbox 1716 3429 1779 3476; x_wconf 79' lang='lat' dir='ltr'><strong>de</strong></span> <span class='ocrx_word' id='word_1_259' title='bbox 1810 3429 2093 3480; x_wconf 75' lang='lat' dir='ltr'><strong>differentia</strong></span> <span class='ocrx_word' id='word_1_260' title='bbox 2117 3440 2248 3478; x_wconf 84' lang='lat' dir='ltr'><strong>tem·-</strong></span> 
     </span>
     <span class='ocr_line' id='line_1_46' title="bbox 1263 3509 2249 3574; baseline 0.003 -18"><span class='ocrx_word' id='word_1_261' title='bbox 1263 3510 1405 3574; x_wconf 84' lang='lat' dir='ltr'><strong>poris</strong></span> <span class='ocrx_word' id='word_1_262' title='bbox 1425 3525 1517 3574; x_wconf 79' lang='lat' dir='ltr'><strong>per</strong></span> <span class='ocrx_word' id='word_1_263' title='bbox 1530 3510 1873 3560; x_wconf 71' lang='lat' dir='ltr'><strong>accusativum</strong></span> <span class='ocrx_word' id='word_1_264' title='bbox 1902 3519 1955 3559; x_wconf 85' lang='lat' dir='ltr'><strong>et</strong></span> <span class='ocrx_word' id='word_1_265' title='bbox 1970 3509 2249 3560; x_wconf 76' lang='lat' dir='ltr'><strong>ablativum</strong></span> 
     </span>
     <span class='ocr_line' id='line_1_47' title="bbox 1267 3592 1509 3655; baseline 0 -17"><span class='ocrx_word' id='word_1_266' title='bbox 1267 3592 1509 3655; x_wconf 76' lang='lat' dir='ltr'><strong>expressi.</strong></span> 
     </span>
    </p>

    <p class='ocr_par' dir='ltr' id='par_1_11' title="bbox 1263 3670 2255 3816">
     <span class='ocr_line' id='line_1_48' title="bbox 1345 3670 2255 3737; baseline 0 -17"><span class='ocrx_word' id='word_1_267' title='bbox 1345 3673 1431 3733; x_wconf 80' lang='grc'><strong>39.</strong></span> <span class='ocrx_word' id='word_1_268' title='bbox 1464 3673 1661 3722; x_wconf 85' lang='lat' dir='ltr'><strong>Nonius</strong></span> <span class='ocrx_word' id='word_1_269' title='bbox 1686 3690 1698 3721; x_wconf 75' lang='grc' dir='ltr'><strong><em>ε</em></strong></span> <span class='ocrx_word' id='word_1_270' title='bbox 1740 3671 1935 3737; x_wconf 69' lang='lat' dir='ltr'><strong>Capita!</strong></span> <span class='ocrx_word' id='word_1_271' title='bbox 1952 3670 2145 3719; x_wconf 73' lang='lat' dir='ltr'><strong>dictum</strong></span> <span class='ocrx_word' id='word_1_272' title='bbox 2176 3680 2255 3720; x_wconf 69' lang='lat' dir='ltr'><strong>est</strong></span> 
     </span>
     <span class='ocr_line' id='line_1_49' title="bbox 1263 3751 1761 3816; baseline 0 -16"><span class='ocrx_word' id='word_1_273' title='bbox 1263 3751 1441 3816; x_wconf 72' lang='lat' dir='ltr'><strong>cupitis</strong></span> <span class='ocrx_word' id='word_1_274' title='bbox 1459 3751 1761 3816; x_wconf 78' lang='lat' dir='ltr'><strong>periculum.</strong></span> 
     </span>
    </p>

    <p class='ocr_par' dir='ltr' id='par_1_12' title="bbox 1269 3820 2247 3963">
     <span class='ocr_line' id='line_1_50' title="bbox 1338 3820 2247 3900; baseline 0.002 -20"><span class='ocrx_word' id='word_1_275' title='bbox 1338 3840 1423 3889; x_wconf 68' lang='lat'><strong>40.</strong></span> <span class='ocrx_word' id='word_1_276' title='bbox 1466 3834 1669 3884; x_wconf 82' lang='lat' dir='ltr'><strong>Nonius</strong></span> <span class='ocrx_word' id='word_1_277' title='bbox 1692 3867 1707 3892; x_wconf 92' lang='lat'>‚</span> <span class='ocrx_word' id='word_1_278' title='bbox 1739 3820 1980 3900; x_wconf 66' lang='lat' dir='ltr'><strong>Dffam,</strong></span> <span class='ocrx_word' id='word_1_279' title='bbox 2010 3842 2091 3880; x_wconf 83' lang='lat' dir='ltr'><strong>est</strong></span> <span class='ocrx_word' id='word_1_280' title='bbox 2123 3831 2247 3882; x_wconf 66' lang='lat' dir='ltr'><strong>flatu</strong></span> 
     </span>
     <span class='ocr_line' id='line_1_51' title="bbox 1269 3913 1571 3963; baseline -0.003 0"><span class='ocrx_word' id='word_1_281' title='bbox 1269 3913 1571 3963; x_wconf 78' lang='lat' dir='ltr'><strong>disturbare.</strong></span> 
     </span>
    </p>

    <p class='ocr_par' dir='ltr' id='par_1_13' title="bbox 1337 3979 2245 4059">
     <span class='ocr_line' id='line_1_52' title="bbox 1337 3979 2245 4059; baseline 0.001 -18"><span class='ocrx_word' id='word_1_282' title='bbox 1337 3979 1400 4052; x_wconf 54' lang='lat'><strong>41</strong></span> <span class='ocrx_word' id='word_1_283' title='bbox 1412 4028 1426 4042; x_wconf 93' lang='lat'><strong>.</strong></span> <span class='ocrx_word' id='word_1_284' title='bbox 1450 3995 1583 4043; x_wconf 82' lang='lat' dir='ltr'><strong>Non.</strong></span> <span class='ocrx_word' id='word_1_285' title='bbox 1603 3991 1863 4041; x_wconf 76' lang='lat' dir='ltr'><strong>Nundinus</strong></span> <span class='ocrx_word' id='word_1_286' title='bbox 1872 4028 1891 4052; x_wconf 89' lang='lat'><em>,</em></span> <span class='ocrx_word' id='word_1_287' title='bbox 1912 3993 2114 4043; x_wconf 75' lang='lat' dir='ltr'><strong>mascul.</strong></span> <span class='ocrx_word' id='word_1_288' title='bbox 2134 4009 2245 4059; x_wconf 80' lang='lat' dir='ltr'><strong>gen.</strong></span> 
     </span>
    </p>

    <p class='ocr_par' dir='ltr' id='par_1_14' title="bbox 1337 4074 2245 4143">
     <span class='ocr_line' id='line_1_53' title="bbox 1337 4074 2245 4143; baseline -0.002 -20"><span class='ocrx_word' id='word_1_289' title='bbox 1337 4083 1425 4132; x_wconf 74' lang='lat'><strong>42.</strong></span> <span class='ocrx_word' id='word_1_290' title='bbox 1444 4075 1664 4129; x_wconf 75' lang='lat' dir='ltr'><strong>Nonius:</strong></span> <span class='ocrx_word' id='word_1_291' title='bbox 1684 4074 1911 4135; x_wconf 66' lang='lat' dir='ltr'><strong>Glaea’no,</strong></span> <span class='ocrx_word' id='word_1_292' title='bbox 1930 4091 2025 4142; x_wconf 79' lang='lat' dir='ltr'><strong>pto</strong></span> <span class='ocrx_word' id='word_1_293' title='bbox 2036 4075 2245 4143; x_wconf 75' lang='lat' dir='ltr'><strong>glutine.</strong></span> 
     </span>
    </p>
   </div>
  </div>
 </body>
</html>
