2775 4619
598 412 721 477 128

1103 413 1180 477 A.
1239 406 1621 500 PERSM
1686 364 2082 483 FLA‘cc1

681 536 1016 625 Rugosum
1045 536 1234 625 piper
1252 586 1271 619 ,
1299 554 1362 603 et
1387 538 1685 627 pallentis
1712 562 1911 630 grana
1938 541 2229 625 cumini3
2418 522 2428 531 ’
2508 626 2515 633 ¹
2586 552 2651 609 55

676 652 807 716 Hic
831 668 1010 716 satur
1035 652 1286 741 irriguo
1319 655 1565 717 mavult
1591 670 1959 743 turgescere
1987 678 2218 722 somno
2241 682 2261 740 ;
2472 664 2477 671 ’

679 768 808 833 Hic
835 790 1068 857 campo
1095 768 1429 859 indulget3
1455 770 1638 835 hunc
1664 772 1801 835 alea
1826 771 2169 863 decoquit3
2196 776 2309 839 ille

669 885 750 949 In
780 883 1100 951 Venerem
1125 901 1220 951 est
1245 886 1492 975 putris:
1518 885 1632 951 sed
1652 891 1803 953 ciun
1831 888 2123 978 lapidosa
2148 892 2460 982 chiragra

587 1076 737 1129 cium
764 1075 1044 1138 nihilfere
1076 1074 1225 1129 alind
1257 1088 1372 1141 est,
1405 1080 1571 1148 quam

587 1158 857 1211 mercium
881 1158 1252 1211 commutatio.
1268 1188 1338 1199 --
1353 1160 1451 1208 Sub
1475 1162 1574 1209 sole

589 1239 786 1288 recenti.
810 1238 878 1289 In
898 1235 1164 1288 Orientali
1191 1236 1415 1309 regione
1432 1274 1449 1300 ‚
1476 1236 1575 1288 ubi

589 1320 671 1371 sol
693 1318 1105 1389 hemispherum
1125 1315 1419 1370 ascendens
1439 1336 1577 1388 quo·-

589 1398 728 1451 tidie
747 1398 954 1461 renasci
971 1395 1203 1449 videtur.
1223 1396 1410 1449 Horat.
1427 1398 1482 1460 1,
1512 1404 1571 1461 4:

589 1487 680 1535 nic
703 1495 852 1533 mutat
873 1500 1046 1531 merces
1075 1494 1288 1546 surgente
1313 1498 1342 1529 a
1369 1484 1466 1531 sole
1484 1518 1498 1541 ‚
1516 1484 1577 1531 ad

713 1573 819 1603 enm
841 1571 935 1617 quo

587 1628 870 1691 ,vespertina
893 1636 1020 1687 tepet
1039 1627 1168 1689 regio
1172 1658 1378 1672 .....
1440 1628 1493 1677 Ρ.

583 1748 590 1755 ·
665 1714 754 1767 55.
791 1719 1032 1781 Rugosum
1059 1712 1256 1781 pipern]
1290 1712 1456 1782 Piper
1478 1731 1576 1766 vo·

589 1806 677 1847 cat
695 1812 950 1862 rugosum,
975 1790 1126 1863 quod
1147 1811 1176 1843 a
1197 1792 1310 1844 sole
1332 1804 1575 1845 torrente

587 1893 750 1946 rugas
785 1872 1078 1925 contrahit.
1117 1872 1260 1923 Plin.
1295 1872 1392 1925 lib.
1422 1872 1537 1925 XII
1556 1910 1571 1936 ‚

589 1975 714 2028 cap.
751 1972 802 2024 7.
821 1956 1139 2008 -Pallencis
1169 1972 1340 2021 grana
1369 1956 1572 2005 cumini.

589 2034 960 2109 synecdoche
984 2034 1234 2105 Speciem
1260 2034 1449 2105 posuit
1468 2052 1572 2105 pro

589 2134 809 2189 genere,
825 2114 882 2167 id
897 2126 976 2167 est
983 2115 1149 2178 ,varia
1166 2128 1405 2167 aromata
1422 2113 1572 2185 apud

589 2196 760 2249 Indos
779 2195 1384 2248 nascentia.——Pallentis.
1404 2194 1575 2266 Quip-

590 2296 662 2349 pe
701 2275 1042 2330 sumentibus
1081 2275 1366 2327 cuminum
1401 2275 1574 2346 pallo-

591 2376 708 2410 rem
743 2357 1054 2427 ingenerat,
1090 2367 1154 2406 ut
1189 2354 1389 2406 habent
1427 2355 1570 2407 Plin.

587 2437 690 2490 lib.
712 2435 848 2500 XX,
871 2452 992 2504 cap.
1021 2438 1084 2494 14
1098 2469 1112 2494 ,
1131 2446 1187 2486 et
1205 2434 1391 2486 Horat.
1410 2434 1501 2487 lib.
1517 2437 1569 2500 Ι,

589 2518 752 2589 epist.
781 2534 865 2584 19.
897 2515 959 2566 P.

524 2631 531 2638 ·
617 2627 622 2630 ·
667 2599 752 2651 56.
769 2601 862 2648 Hic
876 2611 1044 2656 satur,
1063 2598 1178 2668 eta]
1205 2597 1308 2650 Hic
1327 2596 1441 2648 otio
1459 2609 1573 2650 tur-

589 2680 650 2753 pi
667 2692 721 2732 et
735 2677 1114 2748 voluptatibus
1133 2676 1571 2749 indulgen—Sa-

593 2776 688 2812 tur.
717 2759 860 2824 Quia
881 2756 1117 2810 maxime
1143 2775 1172 2808 a
1201 2757 1326 2808 cibo
1349 2775 1574 2810 somnus

589 2843 728 2895 nolet
741 2841 1372 2910 obrepere.-—Irriguo....
1392 2859 1575 2894 somno.

589 2925 830 2976 Somnus
847 2920 994 2972 enim
1005 2920 1196 2991 irrigat
1211 2931 1265 2971 et
1283 2921 1574 2972 humectat.

593 3001 960 3058 Consentiunt
987 3001 1044 3051 in
1069 3000 1176 3052 hoc
1203 3017 1331 3052 cum
1351 2999 1577 3052 medicis

592 3096 648 3135 et
677 3079 1020 3155 philosop-his
1047 3085 1224 3151 poeta
1250 3079 1433 3132 etiam.
1463 3080 1574 3132 Ho-

593 3180 816 3218 merus:

589 3244 722 3308 Evoa
750 3251 1075 3324 μνηςῆρεσσιν
1110 3252 1193 3304 ἐπὶ
1219 3253 1395 3322 γλυκὺν
1416 3253 1573 3306 ’ὕπνον

677 3345 859 3410 ἔχευεν.
1063 3349 1068 3356 ’

591 3422 882 3477 Lucretius
901 3458 917 3484 ‚
951 3421 1046 3472 lib.
1083 3421 1186 3484 IV,
1224 3435 1278 3475 et
1313 3420 1577 3492 Virgilius

589 3502 810 3576 passim.
831 3501 1180 3554 Translatum
1201 3515 1278 3554 est
1295 3521 1323 3553 a
1341 3501 1571 3571 plantis3

592 3602 716 3656 quae
739 3582 972 3655 irrigatae
989 3594 1276 3635 crescunt:
1303 3580 1378 3633 ita
1403 3581 1577 3633 homi-

589 3673 686 3720 nes
701 3682 893 3717 somno
907 3661 1083 3716 dediti
1095 3663 1272 3715 solent
1285 3677 1575 3730 turgescere,

1654 1092 1709 1133 et
1731 1080 1879 1133 obesi
1907 1098 1967 1134 ac
1992 1080 2231 1154 pingues'
2254 1083 2399 1137 fieri.
2430 1085 2650 1158 Saginat

1653 1161 1801 1212 enim
1820 1162 2004 1233 quies:
2029 1164 2177 1216 unde
2191 1202 2207 1229 ‚
2228 1166 2337 1217 hoc
2357 1167 2489 1219 loco
2503 1207 2520 1234 ,
2539 1172 2649 1223 rec-

1653 1253 1707 1293 te
1721 1280 1737 1306 ,
1766 1246 1956 1293 mavult*
1968 1259 2247 1313 turgescere.
2275 1246 2338 1299 C.

1732 1322 1819 1395 57.
1851 1326 1943 1374 Hic
1968 1328 2141 1392 campo
2169 1327 2429 1397 indulgen]
2467 1326 2572 1380 Hic
2594 1346 2647 1381 se

1658 1400 1751 1456 dat
1776 1396 2095 1467 ambitioni,
2118 1417 2171 1456 et
2199 1406 2523 1476 quaerendis
2548 1409 2648 1459 ho·

1656 1486 1886 1538 neribus
1904 1523 1921 1547 ‚
1948 1486 2045 1556 qui
2072 1486 2399 1539 obtinentur
2430 1496 2489 1539 et
2514 1488 2647 1541 dan·

1658 1577 1751 1619 tur
1772 1585 1869 1633 per
1890 1566 2143 1636 suffragia
2158 1604 2175 1629 ‚
2197 1566 2255 1617 in
2280 1584 2486 1639 campo
2506 1570 2648 1621 Mar-

1658 1647 1767 1711 tio;
1792 1647 1869 1698 ibi
1890 1647 2035 1699 enim
2056 1648 2274 1699 comitia
2293 1648 2649 1702 habebantur

1656 1722 1903 1777 creandis
1930 1724 2349 1795 magistratibuS.
2375 1726 2527 1778 Cum
2552 1746 2648 1779 au-

1656 1816 1767 1857 tem
1786 1805 1843 1855 in
1868 1801 2061 1857 eodem
2082 1822 2275 1875 campo
2302 1805 2515 1858 Martio
2540 1809 2646 1860 Ro-

1654 1902 1809 1941 mana
1830 1887 2088 1955 juventus
2107 1886 2268 1938 variis
2293 1885 2448 1938 ludis
2477 1900 2533 1939 et
2555 1887 2648 1941 de-

1656 1966 2002 2042 cursionibus
2040 1979 2420 2031 exerceretur,
2448 1970 2543 2021 alii
2567 1971 2649 2022 in-

1653 2058 2021 2117 terpretantur
2034 2048 2109 2099 sic
2127 2067 2140 2099 τ
2156 2046 2247 2099 hic
2260 2046 2475 2117 gaudet
2498 2069 2648 2102 exer·

1655 2127 1793 2179 citiis
1835 2128 1893 2179 in
1937 2146 2129 2199 campo
2178 2128 2384 2180 Martio
2425 2130 2645 2182 habitis.

1654 2213 1881 2259 -Hunc
1912 2212 2025 2259 alca
2052 2211 2295 2275 decoquit.
2328 2210 2471 2261 Rem
2497 2212 2649 2263 sami-

1654 2288 1841 2343 liarem
1868 2288 2049 2342 exedit
2076 2290 2479 2363 facultatesque
2502 2292 2647 2344 iuius

1651 2371 1909 2424 absumit.
1949 2372 2033 2432 De¹
2066 2375 2180 2422 alea
2212 2369 2345 2424 vide
2386 2373 2641 2426 Juvenal.

1652 2463 1742 2504 sat.
1784 2453 1812 2504 1
1838 2491 1854 2517 ,
1888 2472 1944 2505 v.
1985 2452 2052 2504 88
2074 2491 2091 2517 ‚
2126 2467 2179 2506 et
2223 2451 2481 2507 Persium
2516 2474 2641 2526 sup.

1649 2546 1740 2584 sat.
1767 2534 1967 2597 111‚·v.
2002 2535 2091 2596 48.
2129 2535 2191 2585 A.

1725 2615 1811 2668 58.
1842 2619 1901 2665 In
1936 2620 2169 2665 Venerem
2206 2629 2281 2666 est
2300 2617 2506 2687 putria]
2544 2617 2643 2668 Ille

1651 2695 1924 2766 voluptati
1957 2697 2219 2746 Venereae
2260 2694 2525 2766 indulget
2559 2697 2640 2748 ni-

1654 2777 1866 2843 mium3
1903 2773 2051 2826 unde
2080 2777 2244 2841 putris
2279 2790 2384 2840 est,
2424 2773 2486 2828 id
2526 2787 2603 2842 est
2625 2814 2638 2840 ,

1656 2875 1854 2928 corpus
1897 2856 2059 2908 habet
2104 2855 2377 2907 continuo
2413 2856 2642 2908 Veneris

1656 2957 1765 2992 usu
1797 2938 2173 2990 effeminatum
2202 2949 2257 2988 et
2282 2937 2640 3002 exhaustum3

1655 3017 1827 3067 immo
1848 3025 2173 3084 corruptum
2192 3024 2248 3064 et
2262 3013 2477 3083 putidis
2496 3029 2640 3064 rnor-

1657 3099 1741 3149 bis
1776 3095 2110 3157 obnoxium,
2136 3093 2287 3165 quod
2308 3091 2512 3146 ·Graeci
2548 3113 2640 3145 vo-

1654 3191 1779 3233 cant
1788 3178 2034 3235 σῆπεσθαι
2046 3187 2101 3228 et
2114 3176 2277 3232 τήκειν
2287 3214 2299 3227 .
2311 3175 2636 3228 Menander:

1656 3261 1878 3314 ἐσθίοντα
1904 3258 1989 3311 καὶ
2016 3260 2257 3327 λέγοντα,
2286 3256 2517 3327 σήπομαι
2544 3257 2637 3306 ὑπὸ

1654 3346 1744 3400 τῆς
1768 3335 1973 3400 ἡδονῆς.
1992 3338 2121 3389 Vet.
2142 3348 2336 3400 auctor
2349 3334 2495 3408 apud
2516 3336 2638 3387 Sto-

1640 3422 1838 3474 .boeum
1874 3438 1887 3470 :
1934 3422 1957 3471 ὁ
2006 3420 2237 3489 Διογένης
2280 3418 2395 3476 τοὺς
2437 3416 2636 3473 πολλοὺς

1652 3504 1835 3573 ἔφασκε
1873 3501 2059 3560 ζῶντας
2102 3499 2190 3568 μὲν
2228 3497 2433 3556 ἑαυτοὺς
2466 3495 2633 3551 σήπειν

1652 3585 1865 3654 λουτροῖς
1885 3578 2173 3650 τέΓγοντ-οις,
2198 3571 2532 3648 κάφροὸισῖοις
2556 3574 2635 3628 τή-

1656 3681 1834 3723 nerra<
1842 3660 2141 3714 .--Sedcr'cm
2150 3658 2376 3723 lapidosa
2386 3656 2633 3722 chiragra.

661 3847 731 3895 V.
761 3845 840 3893 56.
871 3845 1172 3909 Dergeseere.
1197 3841 1321 3892 cod.
1340 3841 1603 3890 Fauchetii
1620 3876 1635 3902 ,
1657 3852 1940 3910 torpescere.

665 3969 726 4016 V.
755 3966 838 4022 58.
857 3968 916 4014 In
943 3967 1176 4014 Venerem
1200 3976 1273 4018 est
1285 3966 1464 4034 putris.
1486 3969 1602 4016 Vet.
1628 3965 1788 4030 schol.
1813 3960 2139 4012 casaubonus
2154 3994 2169 4018 ,
2190 3957 2444 4008 Schrevel.
2468 3955 2523 4005 in
2554 3957 2635 4004 Ve-

593 4063 758 4099 nerem
773 4058 965 4118 patret.
991 4045 1202 4098 Codices
1224 4062 1397 4097 omnes
1424 4047 1613 4108 nostri,
1632 4045 1803 4117 putris:
1830 4047 1894 4094 In
1916 4041 2181 4094 nonnullis
2204 4051 2277 4092 est
2288 4048 2447 4092 vacat.
