2775 4619
578 379 701 502 192⁸
808 504 813 509 q
890 468 897 478 .
992 417 1292 485 vE‘r‘r.
1350 415 2163 485 COMMENTARII

1051 578 1150 635 IN
1196 580 1604 637 SATIRAM
1653 580 2123 649 QUARTAM.

1184 744 1264 774 DE
1300 742 1500 776 ussnls
1538 744 1999 779 Parnon-1211&
2063 752 2070 757 ⁶

660 891 733 945 V.
777 906 865 944 ιο.
909 886 1031 943 Scis
1070 886 1283 941 etenim
1318 883 1583 962 justum]
1625 890 1844 943 Revera
1891 885 2001 943 scis
2033 877 2318 964 justitiam
2353 885 2416 943 in
2449 886 2630 947 lance

576 978 818 1062 pens'are
836 1026 853 1054 ‚
879 994 937 1039 et
962 982 1147 1059 ipsius
1173 981 1355 1039 laucis
1383 981 1581 1038 dubiae
1609 980 2023 1039 rectitudinem
2050 980 2226 1039 calles
2254 982 2593 1041 discernere
2613 1026 2632 1053 ,
2683 986 2688 993 “

576 1093 637 1138 et
667 1100 905 1137 curvam
942 1076 1203 1156 regulam
1232 1090 1626 1149 momentare‚
1659 1078 1763 1135 ubi
1803 1078 1956 1135 inter
1995 1096 2172 1135 curva
2205 1078 2396 1149 subit,
2427 1079 2634 1137 donec

578 1179 641 1235 in
686 1176 919 1255 liquido
962 1186 1077 1234 stet
1121 1176 1423 1238 sententia.
1464 1175 1752 1253 Regulam
1799 1175 1942 1232 dicit
1969 1176 2180 1258 'ipsum
2227 1188 2632 1234 momentanae

578 1274 819 1353 stylum.
1050 1256 1061 1265 ”

621 1384 695 1438 V.
718 1402 742 1437 1
754 1382 808 1436 3.
823 1379 1065 1453 Nigrum
1067 1380 1382 1454 praefigere
1397 1376 1598 1455 theta]
1616 1382 1650 1435 J
1655 1376 1854 1435 udices
1866 1375 2120 1435 litteram
2137 1362 2632 1455 theta'apponunt

582 1475 660 1533 ad
697 1496 902 1534 eorum
930 1474 1203 1544 nomina,
1234 1493 1385 1551 quos
1423 1474 1717 1553 supplicio
1753 1473 2036 1532 afficiunt.
2074 1474 2284 1532 Merito
2323 1479 2486 1540 θῆτα,
2525 1477 2633 1527 ἀπὸ

581 1577 666 1625 τοῦ
691 1573 935 1629 θανάτου,
972 1590 1044 1629 eo
1077 1570 1240 1649 quod
1271 1572 1438 1648 quasi
1477 1570 1687 1627 habeat
1720 1569 1905 1627 telum
1943 1589 2118 1627 suum
2137 1613 2154 1640 ‚
2180 1570 2434 1649 ideoque
2460 1572 2638 1628 triste

581 1668 967 1747 intelligitur:
994 1668 1088 1725 vel
1116 1668 1321 1725 mortis
1351 1668 1583 1745 signum
1608 1689 1622 1724 :
1651 1666 1812 1725 unde
1840 1666 2085 1746 quidam
2113 1666 2231 1725 ait:

935 1788 981 1833 O
1005 1785 1219 1833 multum
1240 1795 1353 1832 ante
1378 1784 1500 1832 alias
1523 1784 1703 1831 infelix
1727 1784 1890 1832 littera
1909 1784 2044 1832 theta
2057 1782 2194 1849 (18)!

659 1895 733 1948 V.
770 1890 861 1947 18.
891 1890 1113 1947 Curata
1139 1891 1387 1945 cuticula
1409 1888 1574 1965 sola]
1604 1892 1848 1957 Curata,
1875 1887 2098 1949 scilicet
2121 1908 2152 1945 a
2171 1886 2636 1945 chromatiariis.

582 1988 733 2045 Nam
754 1985 1150 2044 chromatiarii
1183 1984 1464 2043 dicuntur
1489 1983 1758 2042 colorarii
1777 2027 1794 2053 ‚
1822 1983 1916 2041 vel
1945 1969 2051 2061 qui
2079 1996 2205 2041 toto
2237 1984 2332 2041 die
2359 1984 2424 2041 in
2450 2004 2642 2042 arena

585 2096 753 2153 sunt,
782 2083 877 2141 vel
903 2084 965 2140 in
994 2083 1138 2142 sole.
1168 2082 1419 2160 Antiqui
1451 2082 1609 2139 enim
1635 2081 1936 2160 ungebant
1965 2101 2025 2138 se
2043 2124 2060 2153 ,
2085 2092 2146 2138 et
2177 2082 2239 2139 in
2268 2080 2391 2139 sole
2421 2094 2598 2138 erant
2616 2124 2636 2153 ,

587 2194 657 2239 ut
680 2179 881 2240 oleum
904 2196 1120 2257 corpus
1147 2180 1490 2237 imbiberet:
1518 2192 1585 2236 ut
1606 2178 1904 2236 Juvenalis
1933 2200 1946 2234 ε

934 2298 1118 2348 Nostra
1136 2294 1277 2346 bibat
1298 2313 1508 2345 vernum
1528 2306 1784 2345 contracta
1809 2295 2027 2345 cuticula
2049 2295 2203 2344 solem
2218 2330 2234 2356 ‚

936 2377 1257 2441 Effugiatque
1284 2386 1468 2440 togam.

664 2483 739 2541 V.
766 2483 861 2540 26.
887 2481 1320 2556 Quantum'non
1344 2483 1546 2536 milvus
1569 2479 1814 2558 oberret]
1845 2480 2184 2539 Secundum
2205 2479 2598 2558 proverbium
2622 2501 2638 2536 ε

942 2601 1203 2660 Quantum
1230 2599 1370 2645 milvi
1393 2598 1584 2645 volant.

666 2709 739 2762 V.
766 2706 861 2762 28.
883 2706 1127 2761 Pertusa
1152 2705 1241 2758 ad
1262 2701 1562 2780 compita]
1588 2702 1857 2779 Compita
1881 2714 2016 2759 sunt
2039 2699 2170 2758 loca
2193 2699 2256 2757 in
2279 2699 2643 2777 quadriviis,

590 2802 756 2881 quasi
799 2813 987 2859 turres
1015 2843 1031 2870 ,
1070 2800 1175 2857 ubi
1217 2799 1493 2857 sacrificia
1523 2841 1540 2870 ‚
1579 2799 1743 2856 finita
1783 2799 2139 2876 agr-inuitur&
2171 2842 2187 2869 ,
2231 2799 2434 2857 rustici
2477 2798 2646 2856 cele-

588 2895 854 2956 brabant.
896 2897 1107 2954 Merito
1138 2907 1371 2974 pertusa
1393 2939 1410 2964 ‚
1443 2896 1584 2970 quia
1618 2915 1725 2971 per
1761 2915 1964 2952 omnes
2004 2907 2259 2973 quatuor
2296 2906 2492 2972 partes
2531 2916 2645 2973 pa-
2747 2899 2749 2906 '

591 3007 783 3065 team,
809 2994 906 3052 vel
928 3005 1189 3063 vetusta,
1213 2990 1307 3049 vel
1343 2993 1601 3069 compita
1637 3011 1760 3049 non
1793 2990 1988 3050 solum
2025 3003 2161 3074 sunt
2196 2991 2258 3048 in
2291 2989 2440 3049 urbe
2465 2990 2642 3061 loca,
2681 2985 2688 2992 ’

590 3091 693 3149 sed
717 3090 891 3148 etiam
908 3091 1016 3148 viae
1038 3089 1293 3169 publicae
1316 3089 1391 3145 ad
1415 3089 1759 3146 diverticula
1782 3089 2119 3166 aliquorum
2141 3088 2465 3145 confinium
2481 3129 2498 3156 ‚
2527 3088 2642 3145 ubi

592 3185 855 3244 aediculae
887 3198 1301 3265 consecrantur
1334 3197 1620 3263 patentes.
1657 3187 1728 3242 In
1769 3185 1860 3242 his
1889 3186 2032 3263 juga
2061 3183 2238 3244 fracta
2263 3184 2338 3242 ab
2363 3185 2644 3262 agricolis

592 3296 898 3362 ponuntur
918 3327 935 3354 ‚
966 3282 1193 3340 emeriti
1222 3294 1281 3340 et
1307 3281 1589 3339 elaborati
1615 3282 1806 3359 operis
1829 3281 2135 3338 indicium.

674 3394 745 3447 V.
778 3397 872 3459 44.
908 3373 1141 3446 Coecum
1164 3391 1377 3446 vulnus
1400 3387 1629 3465 habea]
1654 3391 1742 3444 De
1765 3385 2186 3464 gladiatoribus
2213 3397 2468 3442 tractum
2495 3385 2607 3462 qui
2625 3429 2642 3455 ,

546 3499 833 3565 ..accepto
860 3485 1104 3544 vulnere
1126 3529 1142 3556 ‚
1172 3486 1439 3543 inaurato
1465 3484 1661 3542 balteo
1687 3495 1912 3562 tegunt.

676 3597 747 3651 V.
782 3602 876 3670 49.
906 3594 1159 3672 Puteal]
1186 3595 1562 3651 Feneratores
1587 3592 1665 3648 ad
1691 3591 1893 3670 puteal
1921 3589 2221 3650 Ser-ibonis
2241 3585 2458 3648 Licinii
2477 3589 2642 3668 (19),

597 3691 763 3769 quod
806 3703 891 3748 est
935 3691 998 3749 in
1047 3691 1285 3770 porticu
1329 3688 1488 3746 Julia
1531 3687 1606 3746 ad
1657 3688 1980 3746 Fabianum
2027 3705 2229 3746 arcum
2255 3729 2298 3768 ,ἢ
2320 3687 2645 3744 consistere

597 3787 885 3846 solebant.

1428 3968 1520 3987 'w‘ss
1525 3969 1614 3989 §ss
1618 3968 1710 3989 §ss
1713 3968 1805 3988 Ἀθ
