2775 4619
456 256 463 265 ’
555 283 687 363 »βο
936 285 1009 349 c,
1066 282 1465 349 Lucan
1521 282 2162 351 FRAGMENTA·

1336 468 1802 489 mmm

810 624 953 692 Ex
1012 588 1349 691 mno
1395 622 1600 691 xlx
1661 621 2334 693 SATIRARUM.

1540 809 1591 863 1.

638 904 736 967 Sic
764 916 831 961 tu
858 903 995 963 illos
1022 904 1248 962 fructus
1280 922 1507 981 quaeras
1523 947 1540 973 .‚
1572 903 1813 961 adversa
1838 902 2085 981 hyeme,
2115 888 2266 963 olim

637 1001 818 1075 Queis
848 1004 936 1060 uti
966 1003 1153 1080 possis
1174 1044 1191 1073 ,
1222 1000 1346 1059 haec
1372 1000 1666 1060 delectare
1691 1000 1857 1059 domi
1880 1014 1962 1059 te.

890 1112 895 1117 “
1521 1100 1547 1153 Ι
1569 1102 1615 1155 1.

636 1199 869 1255 Aurum
892 1197 980 1253 vis
997 1240 1014 1267 ,
1038 1196 1446 1256 hominemve?
1471 1194 1684 1253 habeas
1710 1193 2045 1254 hominemz
2072 1196 2222 1273 quid
2245 1196 2324 1254 ad
2346 1198 2604 1254 aurum?

536 1314 545 1321 ·
637 1296 833 1365 Quare
850 1334 867 1363 ,
898 1306 967 1350 ut
990 1291 1265 1363 dicimu’‚
1292 1312 1414 1351 non
1440 1291 1613 1350 video
1639 1290 1737 1350 hic
1764 1292 1913 1371 quid
1937 1311 2296 1372 magnopere
2320 1306 2551 1373 optem.

1384 1447 1390 1453 .
1509 1390 1538 1445 1
1557 1392 1586 1447 Ι
1602 1392 1650 1445 1.

638 1492 723 1550 Ut
748 1486 918 1567 pueri
944 1486 1195 1545 infantes
1220 1486 1444 1545 faciunt
1469 1485 1880 1546 mulierculam
1907 1485 2238 1547 honestam.

1519 1586 1634 1641 IV.

642 1681 739 1741 Sic
766 1679 1104 1759 singillatim
1129 1678 1396 1740 nostrum
1423 1678 1836 1759 unusquisque
1858 1694 2150 1741 movetur.

1536 1781 1612 1836 V.
2120 1792 2126 1797 ’

644 1878 827 1936 Sume
852 1872 1013 1933 diem
1030 1852 1057 1946 ‚¹
1074 1874 1180 1953 qui
1206 1887 1294 1933 est
1316 1874 1463 1935 visu’
1492 1875 1600 1933 tibi
1624 1872 2056 1953 pulcherrimus
2081 1894 2260 1935 unus.

1517 1978 1572 2031 V
1585 1976 1633 2030 Ι.

642 2070 1193 2130 Peniculamentum
1216 2090 1353 2129 vere
1378 2068 1806 2151 reprehendere
1832 2070 1978 2130 noli.

1491 2172 1543 2223 V
1557 2169 1587 2223 Ι
1608 2170 1656 2223 Ι.

642 2266 849 2324 Latere
876 2263 1170 2342 pendenti,
1198 2282 1331 2322 saxa
1360 2282 1633 2343 spargens
1663 2264 1800 2324 tabo
1829 2275 1888 2323 et
1914 2266 2196 2344 sanguine
2223 2276 2370 2324 atre.

1471 2364 1525 2419 V
1541 2365 1570 2420 I
1591 2365 1619 2418 I
1635 2365 1683 2418 Ῑ.

643 2459 917 2517 Rausuro
949 2457 1205 2536 tragicus
1236 2458 1342 2536 qui
1370 2459 1626 2516 carmina
1657 2459 1852 2536 perdit
1877 2461 2100 2518 Oreste.

1523 2558 1648 2614 IX.

644 2643 1026 2733 Scalptorum
1053 2654 1466 2732 forcipumque
1492 2653 1680 2712 millia
1704 2653 1932 2746 viginti.

1002 2811 1005 2814 .
1547 2755 1627 2810 X.

658 2890 1634 2906 .........................
1670 2849 1750 2905 Et
1771 2847 1942 2925 uncis

644 2943 993 3024 Forcipibus
1020 2946 1225 3006 dentes
1254 2945 1546 3004 evelleret.

643 3139 690 3171 1.
709 3125 935 3173 Nonius:
953 3124 1098 3183 olim,
1114 3121 1353 3190 temporIs
1366 3123 1542 3173 futuri.
1697 3121 1747 3172 6.
1792 3121 1992 3172 Nonius
2021 3139 2034 3170 ε
2067 3122 2520 3186 Peniculamentum,
2545 3141 2571 3175 a

624 3213 690 3250 '2.
719 3204 950 3251 Nonius:
973 3208 1181 3273 Optare,
1202 3205 1400 3268 eligere.
1621 3201 1874 3254 veterilms
1901 3221 2015 3269 pars
2036 3205 2186 3252 vestis
2215 3205 2406 3256 dicitur.

640 3283 690 3330 3.
720 3283 919 3330 Nonius
939 3302 951 3332 :
975 3283 1229 3350 Infantes,
1254 3301 1282 3333 a
1302 3297 1410 3332 non
1434 3283 1545 3332 fau·
1695 3301 1744 3344 7.
1758 3285 1956 3332 Nonius
1971 3303 1982 3331 :
1999 3283 2261 3350 Spargere,
2275 3287 2562 3337 madefacere.

562 3358 635 3410 'do
654 3363 777 3410 dicti
796 3373 956 3410 sunta
1130 3379 1135 3387 ·
1699 3365 1748 3412 8.
1767 3364 2074 3423 Ptiscianns,
2093 3363 2182 3413 lib.
2198 3367 2273 3414 X:
2292 3367 2446 3426 Rausi,
2461 3385 2564 3416 rau-

639 3453 689 3502 4.
718 3437 919 3493 Nonius
944 3462 957 3492 τ
987 3437 1277 3510 Singulatim
1300 3445 1351 3495 et
1370 3445 1546 3511 singil·
1625 3461 1748 3493 sum.

567 3523 735 3582 latim,
764 3541 793 3572 a
818 3523 1046 3592 singulis.
1696 3541 1747 3588 9.
1777 3523 2063 3584 Charisius,
2083 3524 2173 3573 lib.
2204 3529 2257 3574 1:
2281 3527 2559 3574 Medicorum

641 3603 690 3653 5.
719 3601 917 3656 Nonius
940 3624 953 3656 z
981 3609 1174 3658 Sumere
1202 3607 1350 3658 etiam
1381 3605 1541 3676 signi-
1601 3604 1825 3672 forcipes
1840 3603 1962 3652 dicit
1973 3603 2066 3652 lib.
2085 3607 2230 3654 XIX.
2247 3607 2459 3673 Scalpmr,
2476 3619 2559 3656 etc.

563 3681 680 3734 fleat
703 3685 900 3754 eligere.
1697 3701 1776 3735 ιο.
1809 3683 2102 3758 Charisius,⁶
2125 3684 2215 3734 lib.
2245 3687 2290 3734 Ι.
