2775 4619
856 371 1292 474 'SATIRA
1357 408 1411 470 L

223 539 666 604 Praetulerint.
681 583 699 600 .
711 583 728 598 .
749 583 766 598 .

2105 432 2175 474 11

833 668 1502 717 Anvnnssltlus·
1569 685 1579 692 ·

695 767 929 856 Nugae.

942 899 1370 944 PBRSIUS.

859 1043 862 1048 -
930 995 1081 1060 Non
1099 1042 1118 1074 ‚
1146 993 1199 1057 si
1229 990 1395 1080 quid
1419 989 1679 1056 turbida
1706 991 1917 1056 Roma

2156 999 2185 1054 <n

226 1117 458 1186 Elevet
471 1163 492 1199 ,
522 1112 789 1179 accedas
805 1160 824 1196 .,
848 1131 1196 1176 examenve
1221 1108 1599 1198 improbum
1625 1107 1696 1171 in
1724 1107 1837 1170 illa

153 1315 261 1376 Ᾰλλ’
301 1325 325 1376 ὃ
365 1320 456 1394 μὲν
502 1319 560 1390 ἂρ
597 1319 813 1390 μύθοισιν
855 1317 878 1368 δ
915 1310 968 1366 δ’
999 1315 1133 1388 ἔγχιῖ

219 1405 396 1456 πολλὸν
431 1401 591 1458 ἐνίκα.

153 1471 192 1536 ὁ
235 1503 344 1554 σφιν
400 1482 665 1552 ἐϋφρονέων
721 1475 999 1552 ἀγορήσατο
1050 1471 1158 1529 καὶ,

225 1564 514 1632 μετέειπεν.

155 1639 294 1692 Alter
331 1639 446 1694 fuit
481 1633 794 1710 Polydamas
813 1673 830 1700 ,
849 1631 1135 1688 Antenoris

158 1718 330 1784 filius,
353 1717 474 1772 dux
502 1719 618 1770 sine
643 1715 866 1770 nomine
893 1726 946 1767 et
974 1715 1132 1766 sama.

161 1797 262 1854 Sub
285 1797 694 1872 Polydamantis
720 1795 938 1848 nomine
961 1794 1136 1846 Nero·-

161 1897 276 1930 nem
315 1877 595 1950 designari
633 1894 744 1930 non
787 1875 924 1927 male
963 1873 1134 1948 conji-

161 1958 301 2010 ciunt
319 1958 669 2032 interpretes⁸
682 1988 754 1998 --
769 1957 1015 2008 Troiades.
1044 1954 1135 2006 Sa-

161 2038 302 2091 tirice
317 2076 334 2102 ‚
359 2057 470 2110 pro
497 2036 747 2090 Romani.
769 2035 894 2100 Quo
915 2033 1134 2090 nomine

159 2117 211 2169 in
247 2120 489 2171 femineo
527 2135 726 2189 genere
763 2127 816 2168 et
849 2115 1134 2170 mollitiem

161 2198 530 2254 Romanorum
567 2197 739 2270 carpit
760 2234 778 2258 ,
803 2208 857 2248 et
887 2195 1137 2250 ambitio·

161 2296 278 2331 nem
300 2298 497 2333 eorum
510 2318 526 2343 ‚
547 2277 644 2353 qui
663 2277 951 2351 Trojanam
973 2273 1137 2347 origi-

160 2377 280 2413 nem
303 2359 635 2413 affectabant
649 2398 666 2424 ‚
689 2370 743 2411 et
763 2376 818 2411 se
845 2360 1141 2429 Trojugenas

156 2440 328 2495 vocari
359 2440 662 2513 jubebant,
689 2451 752 2492 ut
776 2436 1015 2492 vidimus
1047 2456 1135 2509 ap.

160 2520 457 2575 :iuven-sat.
479 2520 538 2587 1,
559 2538 612 2573 v.
639 2538 769 2585 100,
791 2530 844 2571 et
857 2530 952 2571 sat.
971 2516 1137 2585 VIII,

159 2620 206 2655 v.
230 2604 716 2659 181.—-Labeonem.
737 2600 914 2652 Attius
935 2599 1135 2665 Labeo,

163 2682 372 2755 ineptus
408 2685 574 2753 poeta
591 2718 607 2744 ,
642 2678 877 2753 ineptior
913 2678 1138 2731 Homeri

162 2759 422 2835 interpres
436 2800 452 2827 ,
475 2760 568 2831 qui
585 2759 753 2813 Iliada
777 2772 829 2812 et
843 2758 1138 2831 Odysseam

163 2840 426 2893 transtulit
437 2879 453 2905 ,
474 2840 701 2894 verbum
717 2858 786 2891 ex
798 2840 968 2892 verbo
979 2880 994 2907 ‚
1010 2839 1141 2892 ridi-

161 2923 271 2974 cule
282 2922 432 2987 satis,
449 2920 599 2993 quod
613 2921 776 2974 verba
789 2920 968 2990 potius
979 2925 1142 2993 quam

159 3020 374 3055 sensum
408 3014 623 3055 secutus
655 3000 743 3057 sit.
779 3000 910 3077 Ejus
944 3013 1021 3055 est
1049 3001 1142 3057 ille

160 3100 347 3135 versus
369 3101 384 3132 2
597 3152 603 3158 ι

160 3170 366 3221 Crudum
385 3170 644 3223 manduces
674 3170 906 3222 Priamum
918 3205 932 3225 ‚
953 3169 1158 3220 Priamiae

282 3258 379 3305 que
397 3242 628 3305 pisinnos.
899 3242 953 3288 C.

231 3320 278 3373 5.
297 3322 500 3391 Nugm]
521 3318 640 3375 Hoc
667 3316 878 3375 dictum
897 3316 1140 3372 mordaci

159 3398 367 3453 advers.
378 3400 548 3471 magis
567 3398 822 3452 convenit
841 3418 856 3465 3
879 3400 1031 3475 quasi
1047 3399 1142 3471 qui

163 3481 408 3533 Persium
432 3480 864 3551 interpellaverit
880 3519 896 3545 ,
919 3479 1106 3536 dicens
1129 3501 1144 3532 ε

164 3576 218 3609 ea
249 3574 372 3628 quae
404 3570 465 3609 tu
498 3554 634 3609 dicis
668 3572 796 3610 sunt
824 3577 999 3627 megae,
1025 3577 1147 3635 quae
1184 3595 1193 3607 .

161 3636 299 3687 nihil
335 3636 552 3688 faciunt
596 3634 666 3688 ad
703 3656 836 3692 rem.
855 3640 1049 3687 ——Non
1064 3675 1082 3701 ‚
1110 3640 1155 3687 .ςί

161 3718 313 3781 quid,
340 3731 431 3767 etc.
457 3715 644 3787 Pergit
661 3754 678 3781 ,
703 3716 808 3768 hoc
831 3716 951 3769 loco
979 3755 994 3783 ‚
1021 3716 1151 3769 Per-

165 3794 311 3861 siuS,
345 3794 444 3848 sed
464 3832 481 3863 ,
517 3798 564 3846 si
598 3798 728 3862 quid
763 3798 960 3849 turbida
995 3800 1156 3847 Roma

168 3878 336 3935 elevet,
349 3876 396 3929 si
413 3874 642 3929 turbida
656 3878 824 3929 Roma
847 3876 1046 3940 elevet,
1066 3875 1159 3929 de·

163 3956 390 4027 primu,
409 3976 515 4013 nec
534 3958 856 4029 improbum
877 3961 993 4030 ejus
1008 3957 1158 4030 judi·

169 4036 312 4091 cium
353 4040 622 4112 castigare
642 4075 660 4104 ‚
700 4038 990 4092 emendare
1038 4052 1159 4092 ten·

1213 1313 1324 1354 tem
1348 1339 1365 1367 ,
1403 1319 1505 1354 nec
1546 1317 1633 1354 me
1676 1299 1982 1374 quaesierim
2019 1313 2188 1356 extra.

1211 1383 1294 1434 De
1313 1401 1369 1438 se
1396 1381 1706 1444 locuturus,
1734 1393 1964 1454 usurpat
1998 1399 2190 1435 secun·

1213 1463 1338 1517 dam
1355 1480 1662 1534 personam.
1684 1461 1884 1516 Similis
1903 1461 2054 1514 color
2075 1481 2193 1514 ora·

1213 1543 1380 1598 tionis
1432 1541 1579 1616 apud
1634 1541 1817 1596 Gallos
1849 1580 1868 1609 ‚
1915 1541 2193 1600 diceretur

1214 1641 1363 1677 emm
1385 1643 1399 1675 ε

1587 1711 1621 1748 r
1636 1709 1671 1746 ι
1684 1711 1719 1745 n
1735 1714 1758 1747 s
1773 1711 1824 1748 z.

1406 1803 1664 1868 Pom-quoi
1674 1810 1700 1851 ι’
1720 1807 1841 1854 Sans
1858 1803 2031 1861 doute,
2052 1802 2194 1865 Ροζν·

1215 1883 1386 1934 damas
1400 1896 1450 1932 et
1459 1881 1621 1954 lesfils
1639 1883 1722 1934 des
1738 1886 2198 1951 voyenspourrone

1214 1982 1292 2016 me
1301 1962 1533 2034 pre-‘feret
1547 1964 1745 2015 Labe‘on
1760 1982 1784 2022 ‚·
1810 1961 1972 2014 mais-L
1988 1999 2001 2012 .
2020 1996 2033 2010 .

1443 2069 1968 2120 L’Anvnxsnxn.

1675 2173 1949 2240 Bagatelles
1962 2178 1986 2222 !

1585 2279 1822 2317 rans&

1848 2366 2034 2431 Quoad
2046 2365 2199 2419 me‘me

1217 2448 1369 2499 Rome
1381 2482 1399 2506 ‚
1421 2459 1542 2499 cette
1560 2446 1684 2499 ville
1706 2448 2025 2499 tumultueuse
2038 2484 2053 2507 ‚
2073 2466 2201 2499 vous

1217 2528 1615 2585 condamneraz‘c,
1628 2530 1969 2595 gardas-vous
1989 2528 2051 2577 de
2066 2546 2203 2579 sous·

1217 2608 1344 2658 crire
1366 2608 1402 2657 22
1424 2626 1509 2657 son
1526 2610 1785 2677 jugement
1790 2626 1812 2665 ,·
1837 2609 2203 2674 n'entteprenez

1208 2704 1305 2755 pas
1320 2687 1381 2737 de
1405 2689 1647 2739 redresser
1668 2705 1723 2739 sa
1746 2689 1951 2741 balance
1972 2689 2203 2757 infidele,-

1219 2782 1281 2813 ηε
1309 2763 1545 2815 cherchez
1568 2767 1717 2833 point
1754 2764 1868 2813 hors
1902 2766 1963 2815 de
1992 2783 2121 2815 vous
2151 2769 2204 2815 la

1219 2846 1352 2911 regle
1398 2844 1459 2893 de
1498 2855 1645 2893 ‘vocre
1692 2843 1917 2893 conduice
1940 2876 1958 2905 ,
1996 2861 2086 2892 car
2104 2878 2123 2901 ,
2169 2844 2207 2893 ὰ

1224 2926 1398 2983 Rome,
1420 2936 1510 2974 etc.
1537 2919 1605 2973 Id
1632 2918 1843 2975 dictum
1872 2937 1973 2990 pro
1994 2938 2009 2971 z
2032 2924 2211 2987 quand

1223 3000 1375 3051 mdme
1393 3004 1542 3051 Rome
1560 3018 1636 3050 me
1655 3000 2054 3058 condamnet-ait,
2062 3002 2125 3067 je
2143 3020 2206 3051 ne

1219 3082 1503 3135 sousa-rimis
1532 3100 1629 3147 pas
1646 3106 1664 3139 4
1700 3094 1788 3131 ecc.
1818 3082 1877 3149 je
1910 3081 2083 3133 n'irais
2108 3101 2206 3149 pas

1219 3162 1470 3223 chet-cher,
1480 3162 1859 3215 eea—Turbida
1866 3165 2033 3215 Roma.
2043 3162 2204 3225 Urbe„

1218 3241 1276 3294 in
1320 3258 1429 3313 qua
1462 3240 1737 3314 tumultus
1771 3254 1826 3297 et
1865 3240 2085 3313 agitatio
2125 3260 2208 3297 se·

1223 3315 1349 3370 dem
1367 3330 1677 3387 posuerunt
1695 3322 1861 3383 „raro
1880 3316 2096 3389 judicio
2120 3318 2206 3373 in-

1223 3394 1366 3448 cedit
1394 3408 1545 3449 recto
1567 3416 1585 3463 ;
1606 3409 1662 3450 et
1695 3398 1892 3475 appius
1917 3410 2117 3453 cuncta
2142 3416 2210 3453 ex

1225 3476 1398 3529 animix
1419 3474 1650 3531 libidine
1672 3476 1898 3551 judicat.
1923 3479 1989 3531 A.

1300 3560 1354 3609 6.
1380 3560 1577 3627 Elevet]
1604 3558 1731 3611 Duo
1756 3558 2023 3613 contraria
2042 3559 2208 3631 signi·-

1227 3633 1372 3705 ficat;
1385 3654 1583 3710 nempe
1596 3633 1903 3707 deprimere
1918 3648 1970 3691 et
1986 3637 2211 3709 erigere,

1229 3716 1482 3768 minuere
1511 3729 1564 3771 et
1590 3734 1803 3788 augere.
1833 3716 2153 3789 Metaphora
2180 3738 2211 3777 a

1235 3794 1579 3871 ponderibus
1614 3798 1674 3853 in
1712 3796 1945 3871 quibuS,
1978 3812 2041 3855 ut
2082 3798 2214 3857 lanx

1236 3877 1452 3948 gravior
1485 3878 1803 3940 attollatur,
1831 3891 1887 3931 et
1922 3897 2020 3949 par
2057 3881 2215 3935 alteri

1237 3958 1331 4013 fiat
1363 3997 1379 4024 ,
1419 3976 1487 4014 ex
1528 3977 1589 4011 ea
1632 3958 1843 4031 aliquid
1884 3958 2212 4019 detrahitun

1238 4038 1358 4093 Hoc
1383 4040 1507 4101 loco
1520 4078 1536 4105 ‚
1560 4038 1868 4113 deprimere
1882 4080 1897 4106 ‚
1918 4042 2216 4098 infirmare.
