2775 4619
532 325 713 470 ,κε

1153 353 1231 414 A.
1279 343 1654 422 PERSII
1718 339 2102 408 FLACCI

714 479 851 546 Sub
878 492 1086 542 rastro
1114 488 1334 562 crepet
1360 470 1611 561 argenti
1639 467 1802 532 mihi
1827 467 2024 550 seria,
2053 464 2282 558 dextro

720 593 1034 660 Hercule!
1064 588 1474 678 pupillumve
1498 584 1752 648 utinam
1773 630 1791 664 ,
1819 563 2015 669 quem
2043 580 2379 669 proximus
2406 578 2608 642 heres

720 682 996 799 Impello
1014 754 1032 788 ,
1058 701 1462 793 expungam!
1493 721 1774 787 namque
1797 713 1894 762 est
1915 695 2247 760 scabiosus
2269 741 2287 776 ,
2314 710 2380 758 et
2401 695 2550 760 acri

632 937 703 950 -——
716 905 931 956 Ebullire
954 912 1041 973 est·
1054 897 1304 970 employe
1325 896 1377 948 la
1395 911 1540 966 pour
1556 893 1610 945 le

630 983 867 1040 tumulte
918 993 973 1033 et
1029 979 1457 1032 l’esfervescence
1515 972 1610 1026 des

630 1063 828 1140 grands
868 1061 1109 1116 convois.
1152 1061 1375 1110 Diderot.
1389 1061 1610 1106 -Proe-

630 1153 821 1200 clarum
831 1145 1009 1212 fimus.
1040 1138 1209 1206 Quod
1236 1152 1369 1190 tunc
1393 1136 1609 1208 praecla-

631 1247 759 1282 rum
776 1265 793 1290 ,
813 1239 866 1279 et
896 1241 1089 1294 magno
1116 1239 1242 1272 cum
1264 1229 1526 1290 apparatu
1547 1215 1610 1267 li-

634 1309 829 1361 benter
865 1306 1115 1358 facerem.
1142 1301 1231 1353 Sic
1255 1299 1400 1352 enim
1430 1298 1488 1350 in
1517 1313 1611 1348 sua

632 1385 937 1444 imitatione
953 1382 1223 1437 intellexit
1236 1378 1478 1432 satiricus
1495 1395 1613 1429 nos-

635 1481 719 1522 ter
735 1486 749 1518 ε

637 1580 681 1623 Ο
700 1591 793 1639 que
807 1576 847 1620 si
864 1583 939 1621 cet
954 1573 1087 1618 hiver
1102 1587 1169 1618 un
1187 1570 1351 1616 rhume
1365 1565 1584 1614 salutaire
1595 1597 1611 1622 ‚

639 1646 914 1694 Guerissant
945 1643 1005 1689 de
1030 1653 1138 1690 tous
1167 1657 1307 1688 max
1336 1655 1450 1685 mou
1475 1653 1614 1684 avare

762 1719 1027 1777 beau-pere
1042 1749 1055 1770 ,

636 1789 835 1836 Pouvait
853 1787 966 1832 bien
982 1783 1195 1832 confesse
1213 1781 1447 1830 l'etendre
1467 1796 1527 1826 en
1548 1796 1614 1826 un

763 1856 965 1909 cercueil
978 1891 994 1912 ,

638 1929 699 1974 Et
726 1925 919 1988 templir
950 1939 999 1969 sa
1026 1920 1207 1970 maison
1248 1920 1363 1967 d’un
1403 1919 1621 1982 agreable

763 1995 917 2044 deuil!

640 2071 744 2128 Que
772 2083 887 2114 mon
910 2081 1041 2120 ame,
1064 2079 1125 2110 en
1152 2078 1207 2111 ce
1228 2063 1339 2124 jour
1369 2061 1427 2107 de
1449 2060 1548 2122 J‘oie
1572 2070 1621 2106 et

767 2138 1049 2201 d'opulence
1062 2171 1077 2192 ‚

640 2211 770 2258 D'un
786 2209 989 2270 superbe
1006 2207 1177 2255 convoi
1191 2205 1447 2268 plaindrait
1461 2207 1556 2264 peu
1573 2203 1622 2247 la

768 2277 997 2341 depense!
1497 2274 1558 2320 A.

718 2395 803 2429 11.
844 2380 942 2426 Sub
975 2388 1165 2431 rastro,
1201 2375 1319 2440 eta]
1353 2370 1578 2423 Utinam
1598 2408 1616 2435 ,

641 2458 785 2514 inter
805 2453 1068 2508 arandum
1096 2452 1201 2504 olla
1226 2452 1434 2522 argenti
1457 2452 1619 2523 plena

575 2554 581 2561 ·
643 2548 829 2607 crepet
848 2534 1105 2587 mihi‘sub
1130 2532 1329 2585 rastro!
1360 2532 1620 2585 Similiter

643 2618 833 2669 Horat.
856 2616 949 2667 lib.
970 2615 1028 2665 11
1046 2652 1061 2678 ,
1086 2625 1165 2665 sat
1210 2616 1275 2665 6:

643 2723 685 2766 Ο
701 2722 740 2767 si
756 2732 920 2767 urnam
934 2718 1117 2783 argenti
1128 2716 1224 2763 fors
1239 2732 1331 2779 qua
1344 2716 1460 2762 mihi
1473 2730 1623 2763 mons·

769 2800 862 2837 tret
882 2790 895 2835 Ξ

598 2896 603 2900 “
640 2890 846 2943 Mortes
864 2899 1045 2939 autem
1064 2904 1290 2938 suorum
1309 2897 1364 2937 et
1378 2884 1622 2938 inventio

644 2970 915 3033 thesauri,
940 2968 1086 3021 inter
1104 2967 1349 3037 exempla
1366 2980 1624 3020 votorum

643 3050 883 3103 hominis
929 3049 1075 3103 avari
1124 3048 1281 3119 jungi
1334 3047 1530 3099 solent.
1553 3076 1625 3085 —

643 3136 799 3183 Seria.
823 3132 933 3182 Vas
954 3130 1254 3199 oblongum
1268 3166 1285 3189 ‚
1305 3140 1622 3190 testaceum,

578 3220 585 3224 “
646 3210 798 3283 quod
839 3210 1175 3262 occultatum
1213 3210 1283 3262 sit
1306 3248 1323 3275 ‚
1362 3230 1458 3264 seu
1499 3210 1624 3262 hos-

645 3295 819 3357 tium,
846 3310 941 3343 seu
968 3291 1243 3342 latronum
1270 3304 1442 3343 metu.
1465 3290 1628 3343 Testa

647 3391 813 3445 porro
829 3384 983 3425 terrae
999 3371 1197 3424 infossa
1211 3390 1323 3423 non
1339 3370 1622 3442 putrescit:
1658 3406 1664 3413 -

647 3454 883 3525 ideoque
903 3452 961 3503 in
980 3453 1129 3506 seriis
1144 3465 1197 3505 et
1216 3452 1335 3503 ollis
1350 3452 1628 3503 thesauros

645 3534 985 3604 infodiebant
1002 3545 1237 3599 veteres3
1258 3529 1406 3584 unde
1424 3531 1488 3583 fit
1502 3571 1518 3597 ‚
1538 3551 1630 3584 sae·

644 3638 737 3690 pe,
760 3630 845 3682 ut,
860 3617 1059 3669 nostris
1077 3615 1240 3667 etiam
1260 3614 1628 3685 temporibus,

646 3700 777 3750 ollas
814 3710 867 3753 et
911 3698 1071 3749 serias
1113 3712 1406 3746 aureorum
1444 3713 1630 3765 argen-

648 3761 863 3833 teorum
879 3816 894 3840 ,
912 3777 999 3832 vel
1026 3794 1301 3829 aeneorum
1332 3776 1628 3829 numisma-

1687 903 1805 943 tum
1824 902 2074 944 veterum
2091 885 2356 960 plenas-in
2381 887 2524 958 agris
2549 887 2674 958 qui·
2742 933 2743 948 1

1689 971 1815 1024 dam
1841 970 2132 1042 reperiant.
2163 969 2226 1021 P.
2248 980 2302 1021 et
2319 970 2386 1020 A.

1766 1069 1849 1102 12.
1872 1052 2078 1100 Hercule
2097 1046 2382 1117 (dextro).]
2400 1047 2644 1101 Favente
2659 1084 2674 1108 ‚
2742 1111 2743 1114 Ἴ

1689 1130 1933 1203 propitio
1952 1167 1968 1194 ‚
1991 1142 2054 1181 ut
2080 1129 2270 1182 Horat.
2299 1129 2420 1181 loco
2447 1147 2587 1180 mox
2609 1128 2679 1178 ci·
2741 1127 2743 1188 j

1691 1225 1830 1276 tate,
1852 1213 2012 1262 amico
2034 1213 2243 1260 Hercule
2256 1228 2433 1260 ,unam
2463 1209 2677 1261 thesau-

1689 1292 1764 1344 ris
1795 1287 2136 1344 recludendis
2169 1287 2460 1359 praesidere
2493 1285 2679 1340 crede·

1690 1369 1854 1420 batur
1869 1405 1886 1432 ,
1911 1379 1966 1420 et
1988 1385 2017 1418 a
2040 1363 2292 1418 studiosis
2313 1364 2392 1416 rei
2417 1359 2679 1416 facienda

1693 1449 1858 1502 fuisse
1882 1448 2096 1520 cultum
2115 1460 2170 1499 et
2185 1440 2523 1502 π).ουτοὸ“ότην
2548 1445 2678 1502 exis-

1694 1529 1948 1580 timatum
1971 1525 2147 1579 Graeci
2175 1525 2471 1598 Latinique
2490 1537 2677 1578 aucto-

1691 1627 1774 1662 res
1790 1620 2057 1660 testantur
2071 1626 2086 1672 ;
2107 1606 2344 1678 satisque
2361 1618 2567 1659 notum
2583 1615 2678 1666 est,

1691 1708 1805 1742 non
1829 1689 2012 1741 minus
2033 1687 2256 1740 Herculi
2281 1691 2448 1758 quam
2467 1687 2680 1739 Mercu-

1689 1770 1776 1822 rio
1815 1769 2082 1842 polluceri
2120 1789 2149 1820 a
2195 1781 2422 1839 repente
2461 1765 2676 1819 ditatis:

1699 1869 1824 1903 nam
1845 1850 1891 1902 si
1915 1849 2219 1903 Mercurius
2243 1860 2430 1921 aperto
2451 1847 2610 1900 lucro
2630 1857 2677 1898 et

1699 1929 2098 2002 negociationi3
2129 1940 2360 2012 uterqug
2385 1927 2694 2000 repentino,
2741 1921 2743 1940 ÷

1699 2009 1855 2063 lucro
1894 2020 1948 2063 et
1980 2010 2355 2080 inexspectato
2391 2018 2674 2078 praeerant.
2741 2053 2743 2086 ἶ

1700 2090 1882 2144 Plaut.
1903 2089 2137 2142 Mostell.
2160 2093 2207 2139 Is
2231 2091 2321 2140 vel
2337 2092 2550 2139 Herculi
2569 2107 2677 2138 con-

1700 2184 1856 2222 terere
1874 2182 2092 2237 questum
2103 2172 2301 2236 possiet.
2331 2167 2391 2220 C.
2411 2181 2468 2222 et
2488 2157 2572 2221 P:

1776 2269 1799 2302 1
1809 2249 1860 2302 3.
1883 2252 2218 2319 Ετριιηςαιη.]
2234 2248 2434 2302 Sensus
2451 2261 2536 2301 est
2553 2268 2566 2300 z
2587 2247 2678 2300 uti-

1699 2350 1825 2383 nam
1867 2330 2025 2381 illum
2071 2348 2218 2382 mors
2266 2331 2442 2401 rapiat
2465 2368 2483 2395 ‚
2530 2332 2677 2401 cujus
2742 2354 2743 2361 κ

1697 2409 1970 2464 hereditas
1989 2409 2126 2462 mihi
2146 2410 2458 2481 contingen
2480 2412 2570 2463 vel
2591 2428 2676 2481 po·
2742 2440 2743 2451 κ

1699 2492 1808 2544 tius
1821 2489 2069 2544 deleatur
2089 2508 2119 2543 e
2138 2500 2462 2543 testamento
2481 2508 2677 2543 nomen
2742 2484 2743 2503 *

1699 2573 1838 2645 ejus,
1854 2572 1945 2624 cui
1959 2570 2230 2624 secundus
2247 2570 2404 2623 heres
2423 2569 2672 2623 succedo.

1697 2684 1769 2692 —
1781 2657 2092 2720 Eaepungam.
2115 2651 2435 2722 Metaphora
2461 2652 2633 2723 petita
2651 2670 2674 2701 e

1698 2733 1939 2785 numeris
1959 2731 2197 2784 militum
2210 2769 2227 2796 ‚
2249 2744 2312 2784 ut
2338 2744 2488 2785 recte
2508 2744 2676 2785 censet
2741 2738 2744 2751 '

1699 2825 1804 2867 vet.
1817 2812 2060 2885 interpr.:
2077 2812 2137 2863 in
2157 2812 2264 2865 illis
2275 2812 2426 2865 enim
2441 2812 2674 2866 militum
2741 2810 2743 2885 j

1701 2894 1925 2947 nomina
1945 2906 2070 2965 post
2091 2894 2400 2947 missionem
2421 2908 2524 2948 aut
2546 2913 2676 2949 mor·
2742 2914 2743 2937 1

1705 2986 1815 3029 tem
1831 2974 2180 3042 delebantur;
2200 2976 2290 3029 vel
2307 2994 2336 3029 e
2354 2976 2512 3030 libris
2531 2978 2678 3031 ratio·
2742 2986 2743 3035 ξ

1703 3074 1871 3109 num:
1897 3057 1956 3108 in
1983 3056 2070 3107 his
2095 3068 2279 3109 autem
2297 3094 2314 3121 ‚
2332 3068 2400 3108 ut
2425 3058 2678 3130 quodque
2742 3068 2743 3107 ἲ

1705 3154 1908 3189 nomen
1939 3149 2054 3189 erat
2080 3137 2324 3189 solutum
2345 3175 2363 3202 ,
2385 3138 2569 3190 statim
2610 3140 2676 3191 in·
2742 3150 2743 3181 ἑ

1703 3216 2008 3273 ducebatur
2027 3254 2044 3283 ,
2071 3230 2168 3271 aut
2195 3219 2680 3287 ἐχιοὶζετο.--Ναηι·
2742 3226 2743 3229 ’

1705 3316 1803 3363 que
1828 3310 1900 3347 esc
1917 3298 2178 3347 scabiosus.
2205 3297 2557 3369 Impietatem
2577 3298 2677 3354 voti

1703 3378 2025 3447 ὑποκριτικῶς
2037 3378 2387 3431 excusatione
2398 3385 2540 3433 vana
2551 3400 2677 3453 prae-
2741 3374 2743 3461 Ι

1709 3454 1886 3509 tendit
1907 3478 1922 3509 z
1949 3458 2145 3530 nempe
2159 3496 2177 3522 ‚
2199 3459 2516 3529 contagioso
2543 3460 2679 3513 labo·

1708 3554 1830 3587 rans
1862 3555 2004 3607 puer
2037 3538 2232 3592 morbo
2254 3576 2272 3605 ,
2294 3556 2394 3589 cur
2415 3538 2567 3592 vivat
2585 3538 2678 3591 3⁸-

1708 3612 1978 3670 ScabiosusL
2001 3617 2208 3671 Gallice
2227 3656 2243 3682 ‚
2265 3621 2514 3689 malingre
2531 3659 2546 3681 ,
2573 3625 2680 3673 mal-
2742 3616 2743 3659 Ῑ

1707 3700 1835 3749 sain.
1885 3698 2084 3749 Omnia
2137 3717 2260 3769 quae
2273 3730 2285 3741 κ
2304 3698 2679 3771 vituperabant
2742 3726 2743 3765 1

1709 3778 1946 3833 scabiosa
1983 3778 2240 3832 dicebant
2273 3798 2286 3831 ε
2331 3780 2408 3834 sic
2447 3796 2551 3838 sat.
2593 3785 2680 3849 IV,

720 3960 785 4005 V.
820 3974 841 4003 1
855 3958 899 4004 3.
922 3919 1235 4021 Expungam.
1260 3954 1385 4007 eod.
1406 3972 1540 4006 unus
1556 3917 1693 4013 bibl.
1721 3962 1850 4026 Imp.
1871 3956 1933 4009 11⁰
1958 3961 2094 4023 8273
2112 3995 2128 4023 ,
2153 3976 2463 4027 expugnam-
