2775 4619
922 356 1317 425 SATIRA
1374 357 1504 429 VI.
1562 425 1568 431 .
2125 367 2244 457 175

281 480 556 573 Egregie
582 497 825 571 gestas,
852 482 1120 550 induco.
1148 486 1311 569 Quis
1338 485 1553 551 vetat?
1583 487 1793 555 Aude.
1824 507 1864 537 ’-

283 598 429 662 Vae!
462 598 589 661 nisi
624 598 955 665 connives.
985 600 1223 665 Oleum
1241 649 1260 682 ,
1287 618 1742 693 artocreasque
1770 604 2035 694 popello

2175 612 2244 669 50

279 712 579 803 Largior.
614 715 718 778 An
744 715 1101 805 prohibes?
1128 717 1254 782 Dic
1276 718 1468 785 clare.
1495 720 1650 785 Non
1678 718 1839 787 adeo
1855 768 1874 803 ,
1897 720 2158 811 inquis:

182 919 241 960 et
284 907 398 979 ipsi
439 906 831 961 sacrificabant.
871 938 945 949 —-
976 911 1177 961 Centum

178 992 347 1056 paria.
363 989 606 1041 Centum
625 990 775 1061 paria
788 988 1174 1061 gladiatorum,

184 1081 249 1120 ut
288 1069 424 1122 vult
458 1068 757 1121 Turnebus
792 1088 803 1120 :
847 1068 939 1122 alii
978 1070 1175 1125 volunt

182 1150 551 1202 hecatomben
568 1189 585 1217 ‚
609 1150 794 1203 minus
817 1150 979 1204 bene.
1002 1151 1174 1204 Caete·

180 1248 335 1295 rum,
354 1232 455 1283 hos
470 1244 726 1302 sumptus
745 1250 857 1283 non
875 1250 990 1284 esse
1006 1231 1171 1285 unius

180 1310 383 1381 privati
424 1322 571 1363 recte
613 1311 865 1363 observat
900 1309 1172 1365 Casaubo·

180 1410 285 1443 nus
301 1410 315 1442 ε
333 1392 760 1464 supplicationes
776 1392 924 1444 enim
938 1430 954 1457 ,
970 1389 1172 1447 deinde

178 1471 499 1543 triumphus
519 1509 536 1537 ,
559 1472 955 1525 immolationes
978 1473 1172 1530 hostia-

176 1570 307 1605 rum
322 1564 376 1605 et
388 1552 511 1605 ludi
530 1552 893 1625 gladiatorum
908 1592 924 1618 ,
940 1566 993 1606 et
1008 1554 1169 1625 largi-

176 1633 354 1685 tiones
373 1634 433 1685 in
454 1634 728 1705 populum
752 1633 987 1705 collatae,
1009 1653 1038 1687 e
1062 1655 1167 1707 pu·

174 1711 323 1765 blico
343 1713 533 1765 aerario
550 1752 567 1777 ‚
590 1725 686 1766 ant
704 1732 733 1766 e
750 1712 883 1766 fisco
901 1714 1167 1785 principis

175 1790 402 1845 decerni
428 1793 709 1847 solebantz
732 1793 847 1846 haec
872 1793 1041 1865 igitur
1058 1794 1165 1847 lar-

172 1873 309 1944 gitio
324 1892 494 1945 quam
507 1874 596 1926 hic
611 1886 902 1939 memorat,
917 1893 1028 1926 non
1051 1885 1164 1927 erat

172 1953 392 2007 collatio
415 1953 665 2026 quaedam
691 1955 919 2021 usitata;
942 1954 1036 2008 sed
1061 1974 1165 2027 per

168 2034 286 2087 vim
309 2052 560 2105 expressa
584 2054 614 2089 a
639 2036 1088 2105 procuratoribus
1108 2049 1165 2089 et

170 2112 445 2167 Caesonia:
464 2116 629 2169 sicuti
647 2116 792 2168 enim
807 2114 988 2169 aediles
1004 2127 1059 2169 et
1073 2116 1163 2169 alii

168 2196 522 2266 magistratus
535 2234 552 2260 ,
575 2198 705 2249 cum
724 2195 886 2248 ludos
906 2195 1131 2249 ederent
1144 2233 1160 2262 ,

164 2277 234 2330 ab
249 2276 439 2330 amicis
452 2277 901 2345 sublevabantur;
913 2277 987 2330 ita
998 2276 1161 2330 Caius

166 2358 470 2413 necessaria
488 2358 559 2424 ad
580 2360 648 2413 tri
656 2360 927 2434 umphum
948 2379 1109 2413 suum
1130 2379 1161 2414 a

164 2439 383 2492 civibus
410 2441 661 2493 extorsit.
677 2471 749 2480 —
768 2445 840 2491 Ob
868 2461 945 2494 res
967 2444 1163 2510 egregie

158 2535 338 2586 gestas.
348 2521 439 2589 Ob
450 2520 720 2592 insignem
728 2521 1010 2574 victoriam
1020 2521 1153 2575 Caii.

163 2599 421 2666 Ironice,
445 2613 505 2653 ut
526 2620 709 2674 supra.
739 2601 801 2654 C.
830 2615 885 2656 et
904 2603 971 2654 A.

235 2685 323 2750 49.
349 2682 581 2752 Iudaea]
616 2681 866 2736 Verbum
895 2701 1069 2736 arenae
1090 2700 1153 2735 ac

160 2762 412 2815 muneris
451 2764 631 2814 induco
644 2801 661 2824 ,
700 2775 763 2816 ut
796 2765 1023 2830 produco
1040 2801 1059 2824 ,
1094 2763 1155 2816 id

158 2853 272 2907 est,
298 2841 356 2893 in
388 2839 638 2896 medium
664 2845 1044 2910 affero—Quis
1058 2863 1155 2895 ve-

160 2931 275 2972 tat?
298 2925 460 2973 Aude.
490 2922 641 2975 Num
671 2923 836 2978 audes
859 2925 1150 2995 refragari,

160 3003 195 3053 ὁ
209 3001 397 3055 heres!
417 3013 471 3054 et
485 3000 761 3060 deterrere
777 3024 863 3058 me
876 3025 905 3057 a
920 3005 1150 3060 consilio

161 3081 319 3154 quod
348 3083 515 3156 cepi?

1330 911 1418 964 50.
1457 917 1583 963 Vae!
1606 915 1701 964 m‘si
1725 914 1982 985 connives]
2019 916 2240 988 Impen-

1256 989 1350 1043 det
1378 992 1478 1044 tibi
1512 992 1714 1045 malum
1753 993 1800 1046 si
1837 992 1982 1048 sorte
2016 1013 2126 1047 non
2157 1015 2239 1049 as·

1253 1070 1502 1125 sentiaris
1520 1090 1533 1122 ι
1556 1090 1683 1125 nam
1695 1109 1712 1137 ,
1731 1086 1827 1126 aut
1845 1075 2240 1145 Imperatorem

1256 1150 1591 1205 infensos-em
1619 1153 1860 1207 invenies
1876 1180 1901 1221 ‚·
1915 1167 2007 1207 aut
2043 1174 2143 1227 ego
2173 1174 2240 1210 eo

1216 1272 1229 1285 .
1252 1234 1551 1305 majoribus
1579 1236 1891 1306 sumptibus
1922 1236 2240 1290 exhauriam

1251 1312 1646 1378 hereditatem,
1684 1334 1794 1387 quo
1843 1316 2010 1387 magis
2050 1330 2236 1372 vetare

1251 1407 1478 1447 conatus
1505 1396 1684 1448 fueris
1709 1394 1878 1448 Paulo
1898 1408 2056 1469 post:

1339 1484 1538 1539 .,Nunc
1557 1499 1682 1530 nunc
1699 1483 1950 1545 impensius
1968 1501 2123 1551 unge,

1249 1556 1416 1617 Unge,
1443 1570 1587 1617 puer,
1618 1554 1770 1601 caules
1775 1588 2113 1603 ........

1246 1636 1494 1683 ——Oleum
1504 1647 1850 1700 artocreasque
1853 1638 2066 1702 popello
2078 1635 2234 1700 Quin

1246 1712 1410 1765 etiam
1437 1712 1623 1766 oleum
1656 1726 1712 1768 et
1737 1727 2018 1775 artocreas,
2044 1716 2232 1769 cibum

1246 1811 1315 1844 ex
1333 1811 1474 1865 pane
1494 1806 1549 1846 et
1568 1812 1750 1859 carne,
1766 1805 1930 1867 atque
1947 1794 2082 1848 adeo
2099 1815 2232 1867 epu-

1242 1869 1361 1924 lum
1400 1885 1453 1925 et
1496 1873 1832 1945 congiarium
1874 1875 2087 1946 populo
2124 1876 2230 1928 lar-

1241 1954 1728 2024 gior.—Artocreas.
1739 1955 1821 2007 Ab
1837 1954 1980 2027 ἄρτος
1999 1970 2052 2009 et
2065 1958 2229 2029 κρέας.

1242 2034 1314 2085 Et
1331 2034 1468 2099 haec,
1485 2047 1549 2087 ut
1565 2048 1710 2088 recte
1729 2034 1979 2088 observat
1995 2034 2222 2088 Casaub.

1242 2134 1355 2168 non
1374 2116 1572 2187 privati
1597 2117 1838 2169 hominis
1861 2128 1940 2169 est
1960 2116 2223 2188 impensa.

1243 2197 1329 2249 Ita
1358 2197 1525 2268 igitur
1553 2193 1832 2269 jungenda
1863 2209 1993 2249 sunt
2023 2216 2234 2269 praeee-

1243 2275 1502 2332 dentibus
1517 2317 1534 2344 ‚
1559 2289 1612 2330 et
1636 2290 1768 2331 sunt
1792 2277 2036 2350 exempla
2063 2274 2226 2333 colla-'-

1241 2357 1458 2410 tionum
1490 2376 1610 2430 quae
1638 2358 1850 2412 civibus
1875 2359 2103 2412 fuerunt
2126 2359 2228 2412 im·-

1240 2451 1441 2510 peratae
1471 2460 1498 2492 a
1520 2439 1634 2492 Caii
1661 2439 2136 2533 procuratoribus,
2158 2439 2227 2494 ad

1232 2517 1614 2573 celebrandam
1633 2520 1920 2576 victoriam
1948 2521 2080 2592 ejus.
2102 2520 2227 2572 Mo-

1232 2599 1307 2652 ris
1341 2601 1491 2652 enim
1522 2599 1706 2654 Romae
1735 2615 1880 2666 erat,
1906 2612 1969 2652 ut
1994 2600 2225 2672 epulum

1234 2691 1288 2732 et
1329 2680 1627 2734 visceratio
1679 2681 1946 2733 darentur
2005 2680 2228 2753 populo

1232 2781 1263 2814 a
1321 2760 1823 2834 triumphantibus,
1877 2760 2224 2813 frumentum

1234 2843 1396 2896 etiam
1433 2844 1640 2899 viritim
1676 2840 2052 2909 dividebatur,
2091 2861 2222 2895 cum

1232 2925 1355 2978 oleo
1384 2936 1440 2977 et
1468 2923 1728 2976 nummis.
1759 2922 1820 2974 C.

1303 3005 1390 3056 51.
1415 3010 1498 3056 An
1517 3003 1820 3073 prohibes?]
1846 3002 2014 3058 An.tu
2031 3038 2048 3068 ,
2068 3004 2103 3054 ὁ
2124 3002 2222 3054 he-

1228 3103 1313 3140 res
1332 3124 1345 3149 ,
1366 3082 1509 3138 illud
1528 3083 1648 3138 fieri
1671 3097 1820 3140 vetas
1839 3081 1941 3136 Ρ·-
1954 3086 2050 3134 Dic
2071 3086 2218 3134 clare.

228 3276 296 3322 V.
326 3275 419 3324 51.
451 3274 566 3324 Non
602 3257 760 3335 adeo,
794 3274 976 3340 inquis.
1014 3275 1181 3328 codd.
1215 3274 1692 3330 Puteau..colbert.
1727 3276 1809 3337 11,
1842 3276 1949 3334 ΠΙ,
1975 3273 2216 3322 Massi-in.

154 3352 399 3416 Fauehpt.
417 3353 531 3403 eod.
551 3366 747 3416 noster,
762 3365 812 3404 et
830 3356 981 3409 multi
998 3355 1085 3406 alii
1098 3391 1113 3418 ,
1130 3373 1230 3403 non
1249 3356 1411 3421 audeo
1423 3390 1442 3413 ,
1464 3354 1628 3418 inquis
1635 3371 1657 3411 ;
1677 3369 1789 3417 quae
1809 3353 1960 3402 lectio
1973 3353 2218 3418 genuina,

155 3443 207 3480 et
236 3432 303 3481 ab
338 3444 549 3482 anctore
582 3436 815 3498 profecta
852 3435 1005 3486 nobis
1038 3435 1323 3494 videretur-3
1361 3434 1459 3486 nisi
1496 3443 1715 3484 metrum
1754 3433 1803 3482 ei
1837 3432 2216 3482 adversaretur:

156 3513 295 3560 uude
320 3513 556 3578 suspicor
582 3515 741 3564 fuisse
771 3516 915 3580 prius
944 3516 1187 3580 scriptum
1207 3533 1219 3562 ε
1248 3515 1478 3580 Largior.
1501 3516 1584 3562 An
1614 3511 1842 3578 prohibes
1858 3518 1886 3559 θ
1921 3511 2078 3560 Clare.
2103 3510 2219 3560 Non

156 3594 355 3652 audeo,
384 3593 823 3658 inquis.—Clare.
859 3597 1169 3646 Subauditur
1203 3597 1313 3656 dic,
1335 3597 1514 3661 parlez
1540 3595 1926 3644 nea—Audeo.
1953 3592 2158 3641 Vocalis
2185 3608 2216 3638 o

158 3689 273 3720 non
292 3671 503 3720 eliditur
518 3707 533 3733 ,
554 3691 645 3738 per
664 3674 921 3726 licentiam
944 3677 1207 3740 poeticam.
1225 3679 1297 3726 At
1314 3677 1494 3728 melius
1506 3711 1521 3735 ,
1541 3685 1715 3726 nostr-0
1733 3673 1928 3739 judicio
1943 3704 1960 3732 ,
1979 3681 2078 3718 vet.
2095 3669 2217 3718 edit.

155 3752 345 3800 Britan.
363 3752 479 3802 Non
500 3753 661 3806 ausim
676 3789 693 3812 ,
713 3755 876 3820 inquis
886 3773 908 3812 ;
934 3767 989 3804 ut
1012 3756 1078 3804 sit
1097 3773 1270 3806 versus
1296 3757 1622 3823 spondaIeus.
1639 3757 1768 3817 Quje
1794 3752 2034 3802 lectiones
2063 3751 2213 3798 variae

154 3845 383 3884 nostram
414 3833 882 3900 interpretationem
915 3837 1213 3890 confirmant
1242 3854 1255 3886 ε
1290 3855 1400 3890 non
1433 3838 1594 3888 audeo
1607 3872 1624 3895 ,
1654 3836 1736 3887 vel
1765 3850 1874 3886 non
1899 3833 2058 3880 ausim
2085 3831 2218 3880 aeci·

158 3932 279 3980 pere
303 3927 446 3968 tuam
468 3917 829 3978 hereditatem3
850 3935 968 3970 mm
992 3937 1110 3985 ager
1132 3932 1252 3972 tuus
1270 3932 1551 3980 exossatus,
1573 3917 1850 3970 exhaustus
1871 3925 1968 3980 est.
1979 3916 2054 3965 IV
2068 3913 2221 3964 codd.

162 4007 359 4058 tautum
390 3998 614 4058 habent:
643 4017 743 4054 non
765 4001 922 4060 adet»,
950 4001 1124 4070 inquis.
