2775 4619
562 429 683 495 168

1090 427 1174 492 A.
1225 425 1599 494 PERSII
1658 428 2047 498 FLACCI

645 551 961 618 Producis
987 551 1224 618 Genio.
1261 554 1431 620 Solis
1458 555 1782 620 natalibus
1800 604 1819 637 ‚
1847 571 1944 622 est
1967 556 2085 644 qui

640 669 883 760 Tingat
907 669 1052 734 olus
1081 669 1326 733 siccum
1355 671 1569 734 muria
1592 671 1771 735 vafer
1798 672 1866 734 in
1890 672 2087 737 calice
2112 671 2329 762 empta
2349 722 2368 755 ‚

2544 701 2615 736 20

642 786 793 874 Ipse
814 807 1071 848 sacrum
1095 783 1384 848 irrorans
1408 785 1645 873 patinae
1671 786 1895 874 piper3
1924 785 2034 849 hic
2058 786 2232 850 bona
2257 785 2459 851 dente

639 900 928 967 Grandia
951 901 1403 990 magnanimus
1429 902 1682 991 peragit
1704 924 1889 991 puer.
1922 902 2089 966 Utar
2110 925 2265 993 ego,
2297 919 2451 967 utar
2474 950 2495 984 ‚

554 1096 654 1150 etsi
703 1115 848 1150 unus
892 1094 1150 1167 idemque
1193 1114 1249 1148 es
1293 1095 1533 1167 gemellis

551 1178 810 1230 fratribus
824 1215 840 1242 ‚
861 1189 1040 1229 tamen
1058 1176 1318 1248 producis
1337 1195 1429 1230 eos
1448 1176 1534 1228 di-

551 1277 708 1312 verso
748 1258 990 1328 ingenio.
1019 1289 1092 1298 ·-—
1118 1263 1407 1324 Horoscope.
1437 1259 1535 1310 As-

554 1334 708 1391 tru'm
736 1338 944 1390 natale:
970 1334 1122 1406 quod
1151 1337 1408 1389 omnihus
1436 1355 1537 1388 no-

557 1430 699 1469 tum.
716 1449 788 1458 --
807 1423 958 1468 Varo.
1007 1415 1077 1468 Id
1121 1430 1202 1469 est
1224 1454 1241 1479 ‚
1280 1416 1431 1470 vario
1474 1436 1537 1469 ac

556 1496 822 1549 dissimili.
838 1497 972 1549 vid.
994 1511 1093 1550 sat.
1115 1498 1283 1558 lv,v.
1312 1496 1537 1550 1².Non

555 1580 761 1634 similes
788 1579 948 1631 fuisse
975 1579 1137 1631 etiam
1161 1577 1400 1650 gemellis
1429 1579 1535 1630 sra-

553 1658 734 1711 tribus
749 1695 766 1722 ‚
787 1659 964 1710 multo
991 1658 1172 1709 minus
1195 1657 1312 1709 aliis
1328 1695 1346 1722 ‚
1368 1657 1535 1708 animi

555 1739 817 1801 affectus,
849 1738 909 1792 id
957 1738 1310 1791 confirmatur
1347 1737 1535 1790 multis

556 1819 845 1892 exemplis,
876 1817 1178 1890 prasertim
1217 1817 1450 1870 Castoris
1482 1829 1541 1870 et

553 1899 790 1952 Pollucis
813 1899 1036 1968 (Horat.
1067 1899 1168 1950 lib.
1195 1898 1254 1949 11
1269 1935 1285 1962 ‚
1304 1910 1405 1949 sat.
1433 1899 1532 1966 1.)‚

555 1995 614 2034 et
633 1979 917 2032 Commodi
940 1992 1103 2051 atque
1121 1979 1424 2043 Antonini,
1452 1979 1534 2030 M.

553 2061 735 2113 Aurel.
744 2060 1006 2113 Antonini
1017 2059 1354 2130 geminorum
1366 2078 1427 2109 ex
1434 2077 1541 2110 em-

555 2140 653 2214 plo
672 2181 688 2207 ,
717 2142 776 2193 in
811 2161 1050 2214 quorum
1084 2141 1191 2193 vita
1226 2140 1304 2190 nil
1333 2140 1441 2191 suit
1469 2139 1538 2191 si-

555 2221 718 2285 mile,
739 2221 840 2273 etsi
864 2239 1019 2292 pares
1043 2221 1158 2272 sore
1183 2238 1251 2270 ex
1269 2231 1540 2270 astrorum

555 2321 722 2355 cursu
743 2301 1134 2375 promittebant
1153 2299 1539 2367 mathematici,

557 2392 630 2439 ut'
651 2385 841 2438 scribit
869 2380 1150 2455 Lamprid.
1181 2384 1249 2433 A.
1310 2382 1320 2391 '

634 2484 719 2535 19.
754 2467 875 2516 Solis
900 2465 1185 2531 natalibus]
1207 2462 1294 2513 Ex
1320 2460 1539 2514 dachus

557 2544 828 2618 gemellis,
855 2544 990 2597 alter
1010 2542 1146 2595 adeo
1171 2560 1367 2613 parcus
1385 2555 1440 2595 et
1462 2556 1539 2595 te·

555 2646 666 2678 nax
691 2625 794 2678 erit
814 2662 830 2689 ‚
859 2637 922 2677 ut
948 2642 1017 2678 ne
1043 2624 1287 2676 natalitio
1312 2622 1537 2695 quidem

555 2704 648 2758 die
668 2705 770 2757 sibi
791 2704 1086 2776 quicquam
1112 2701 1455 2773 indulgebit3
1482 2715 1539 2753 et

555 2787 650 2841 ‘vix
687 2788 858 2857 tinget
883 2824 900 2849 ‚
937 2797 1040 2837 etc.
1085 2786 1166 2836 De
1206 2782 1296 2835 die
1336 2782 1537 2848 natali,

554 2865 668 2919 vid.
703 2866 899 2939 passim
944 2862 1090 2937 apud
1130 2862 1452 2916 Juvenalem
1484 2874 1541 2915 et

556 2946 805 3000 Persium
824 2986 838 3008 ,
867 2959 922 2998 et
941 2946 1090 2997 Alex.
1115 2944 1180 2995 ab
1202 2945 1353 2996 Alex.
1385 2945 1455 2995 A.

634 3046 714 3079 20.
747 3030 925 3095 Tingat
951 3029 1083 3085 olus,
1112 3025 1228 3094 μα]
1260 3025 1433 3075 Mirus
1458 3034 1539 3075 est

554 3107 614 3159 in
631 3108 731 3159 hac
752 3106 936 3177 phrasi
953 3106 1250 3157 verborum
1264 3102 1506 3155 delectus
1519 3140 1537 3167 ‚

556 3186 628 3239 ad
649 3186 948 3258 augendam
972 3187 1084 3239 vim
1113 3186 1382 3237 satiricam
1400 3222 1417 3247 ‚
1437 3203 1539 3255 po-

556 3268 832 3321 tissimum
847 3268 1048 3321 valens.
1065 3266 1249 3317 Primo
1260 3304 1279 3329 ‚
1293 3284 1407 3317 non
1424 3266 1541 3317 ins-

553 3348 736 3419 pergit
751 3348 871 3399 olus
885 3386 900 3412 ,
917 3346 1013 3397 sed
1029 3346 1190 3417 tingit
1200 3345 1397 3399 leviter
1408 3383 1425 3409 ,
1444 3345 1541 3395 im-

555 3428 683 3480 buit
703 3447 719 3494 ;
744 3428 826 3491 2⁰,
855 3426 1075 3479 adverte
1089 3430 1195 3477 olus
1217 3428 1395 3476 siccum
1406 3463 1423 3485 ,
1446 3442 1541 3477 ve·

553 3518 754 3561 tustate
764 3511 874 3581 jam
888 3507 1157 3559 insulsum
1170 3519 1222 3559 et
1232 3503 1541 3569 rancidum3

553 3588 644 3653 3⁰,
658 3607 769 3640 non
787 3588 913 3641 oleo
929 3627 944 3650 ‚
963 3588 1146 3641 aliisve
1173 3586 1536 3639 condimentis

554 3667 883 3724 lautioribus
901 3708 918 3734 ‚
942 3668 1035 3722 sed
1063 3669 1256 3729 mur-iii,
1281 3667 1537 3740 liquami-

542 3751 642 3815 ,πίε
691 3768 889 3821 genere
934 3749 1190 3802 vilissimo
1218 3786 1236 3812 ‚
1281 3766 1345 3800 ex
1390 3746 1537 3798 sanie

557 3830 902 3882 thunnorum
923 3831 1174 3883 confecto
1193 3866 1210 3893 ,
1232 3828 1321 3881 vel
1351 3828 1537 3897 potius

559 3913 699 3982 aqua
734 3910 900 3977 salsa,
929 3908 986 3963 in
1028 3928 1138 3981 qua
1175 3904 1384 3981 aliquid
1423 3924 1537 3960 ser·

1611 1109 1799 1153 vatum
1821 1096 1927 1150 suit
1949 1109 2043 1149 aut
2064 1109 2391 1150 maceratum
2414 1117 2429 1148 :
2455 1108 2513 1150 et
2533 1109 2615 1149 ta-

1614 1195 1740 1230 men
1754 1178 1847 1229 ille
1865 1179 2033 1244 vafer,
2052 1176 2277 1230 callidus
2295 1177 2355 1229 in
2374 1178 2611 1230 avaritia

1612 1277 1707 1310 sua
1725 1297 1741 1323 ,
1763 1257 1999 1310 muriam
2026 1276 2140 1310 non
2164 1258 2267 1309 nisi
2299 1258 2359 1308 in
2377 1257 2611 1311 vasculo

1616 1337 1815 1390 coemit
1844 1350 1896 1390 et
1918 1351 2223 1408 comparat,
2253 1335 2402 1389 unde
2432 1350 2487 1389 et
2518 1338 2609 1388 in-

1616 1420 1783 1470 tincta
1796 1419 1943 1472 olera
1958 1419 2095 1471 sicca
2111 1431 2391 1471 remanent
2407 1419 2607 1472 saltem

1614 1512 1767 1572 parte
1795 1501 1879 1552 sui
1906 1500 2157 1552 maxims.
2182 1501 2247 1551 A.

1692 1623 1717 1655 2
1730 1621 1774 1654 1.
1800 1608 1907 1669 Ipse
1928 1621 2121 1653 sacrum
2138 1605 2317 1670 piper,
2344 1606 2469 1670 eoa]
2492 1602 2607 1654 Ea-

1617 1682 1744 1737 dem
1778 1683 2073 1754 descriptio
2112 1683 2259 1736 avari
2292 1683 2610 1753 emphatica

1613 1761 1965 1838 producitur.
1980 1770 2105 1831 Ipse,
2124 1781 2237 1815 non
2251 1781 2484 1833 coquus,
2496 1781 2611 1816 nec

1613 1863 1797 1898 servus
1818 1843 2174 1897 mediastinus
2188 1881 2205 1906 ‚
2226 1843 2308 1896 vel
2328 1841 2428 1895 alia
2449 1861 2611 1913 quae-

1614 1927 1698 1978 vis
1719 1923 2012 1977 diobolaris
2032 1923 2223 1976 ancilla
2240 1961 2259 1986 ‚
2278 1926 2495 1982 irrorat,
2520 1923 2612 1973 in-

1617 2004 1803 2060 fundit
1837 2023 1999 2076 parce
2036 2016 2089 2056 et
2128 2003 2416 2074 guttatim,
2448 2001 2611 2055 unde

1618 2101 1673 2140 et
1704 2101 1871 2156 guttas
1908 2097 1989 2138 est
2025 2085 2330 2156 appellatus
2352 2121 2370 2147 ‚
2402 2104 2610 2135 sacru-m

1607 2171 1783 2235 piper,
1806 2165 1895 2217 cui
1918 2178 2178 2236 tanquam
2198 2163 2275 2217 rei
2297 2181 2455 2215 sacrae
2473 2182 2611 2234 par-

1618 2246 1711 2299 cit.
1733 2245 1936 2298 Confer
1952 2245 2093 2298 hanc
2113 2244 2259 2296 avari
2276 2241 2609 2314 descriptio-

1618 2346 1745 2381 nem
1786 2346 1913 2380 cum
1951 2324 2279 2401 praecedenti
2300 2362 2318 2389 ‚
2352 2337 2451 2377 sat.
2494 2325 2610 2387 lv,

1619 2429 1675 2462 v.
1698 2408 1763 2461 25
1779 2421 1835 2460 et
1848 2409 2160 2478 seqq—Hic
2180 2409 2308 2455 bona
2323 2408 2489 2464 dente,
2508 2418 2605 2454 etc.

1616 2489 1769 2542 Alter
1806 2500 1989 2540 autem
2028 2486 2374 2557 geminorum
2405 2482 2608 2554 prodi-

1618 2588 1750 2640 gus,
1780 2587 1910 2639 opes
1948 2566 2203 2637 abligurit
2242 2578 2296 2617 et
2336 2562 2613 2635 dilapidat

1616 2652 1677 2701 in
1713 2647 1975 2701 conviviis
2014 2661 2070 2699 et
2108 2646 2165 2697 in
2206 2645 2363 2696 luxu.
2401 2644 2607 2695 Exem-

1616 2731 1775 2802 plum
1812 2727 2033 2800 prodigi
2070 2725 2405 2779 contrarium
2438 2742 2609 2794 supe-

1617 2812 1771 2864 riori.
1804 2810 1864 2862 C.

1693 2928 1780 2961 υ.
1819 2910 2257 2976 Magnanimum...
2286 2906 2459 2971 paen]
2486 2901 2603 2967 Qui

1616 2987 2071 3059 magnificentiam
2104 3004 2287 3039 veram
2320 2982 2598 3053 magnitu-

1616 3067 1807 3121 dinem
1824 3084 1938 3120 esse
1954 3066 2246 3119 existimat.
2258 3069 2483 3113 —Puen
2498 3060 2605 3113 Hic

1616 3168 1721 3222 pro
1756 3148 1923 3201 stulto
1942 3184 1960 3209 ,
1988 3164 2104 3198 non
2140 3157 2295 3199 aetate
2312 3182 2331 3207 ‚
2361 3141 2458 3195 sed
2486 3160 2606 3194 mo-

1616 3230 1771 3281 ribus
1794 3247 1807 3278 :
1840 3228 1969 3300 quia
1984 3265 2001 3290 ‚
2024 3238 2085 3278 ut
2107 3224 2181 3277 ait
2206 3221 2569 3295 philosophus
2585 3260 2604 3285 ,

1620 3308 1839 3381 διαφέρει
1872 3305 2011 3361 οὐδὲν
2048 3309 2153 3367 νέος
2194 3308 2279 3362 τήν
2316 3305 2537 3367 ἡλικίαν,
2568 3305 2603 3363 ἢ

1619 3394 1677 3444 τὸ
1694 3387 1803 3451 ἦθος
1819 3390 2007 3461 νεαρός.
2022 3387 2313 3454 *Pet-agie.
2334 3382 2604 3435 Absumit.

1622 3468 1808 3521 Horat.
1835 3470 2064 3537 stringit.-

1614 3575 1883 3623 Praeclat‘am
1914 3572 2096 3634 ingrata
2128 3570 2315 3632 stringit
2346 3568 2495 3615 malus
2527 3569 2603 3613 in-

1741 3646 1897 3708 gluvie
1914 3660 2041 3698 κως

1616 3756 1671 3797 et
1692 3743 1849 3807 alibi,
1872 3743 2094 3792 oblimat.
2107 3768 2179 3779 -
2197 3742 2319 3788 Utar
2335 3756 2423 3805 ego
2433 3774 2452 3797 ,
2474 3750 2603 3787 utar.

1618 3826 1683 3876 In
1690 3821 1811 3895 quit
1826 3820 2043 3874 Persius
2064 3831 2187 3872 utar
2200 3855 2218 3881 ‚
2236 3814 2331 3871 sed
2346 3834 2461 3869 non
2474 3816 2607 3869 abn-

1617 3917 1699 3959 tar
1716 3940 1733 3971 ,
1755 3915 1819 3957 ut
1836 3900 2055 3976 prodigi
2078 3898 2303 3955 faciunt.
2330 3896 2389 3951 C.
2422 3954 2431 3961 ,
