2775 4619
637 458 764 541 30,ss
1011 462 1085 525 C.
1141 458 1534 527 LUCILII
1588 458 2247 529 FRAGMENTA·

1510 588 1575 644 X
1587 589 1650 644 X
1668 588 1701 644 1
1716 588 1799 643 X.

683 710 688 716 ¹
715 682 790 741 Et
817 680 942 741 sola
959 701 1042 746 ex
1066 680 1272 741 multis
1297 702 1459 742 nunc
1484 695 1683 741 nostra
1709 686 1979 761 poemata
2008 682 2167 743 feni.

897 798 904 803 ·
1541 782 1603 838 X
1618 782 1681 837 X
1694 782 1773 838 X.

713 878 890 937 Nunc
912 880 1014 937 Cai
1041 877 1326 957 quoniam
1351 876 1601 937 incilans
1622 896 1737 937 nos
1762 877 1919 935 laedi’
1940 876 2219 937 vicissim.

1105 980 1113 987 “
1516 977 1577 1032 X
1595 978 1656 1033 X
1672 976 1733 1033 X
1750 978 1801 1031 Ι.

713 1073 790 1129 Et
819 1090 924 1130 sua
949 1072 1280 1151 perciperet
1305 1082 1469 1129 retro
1496 1070 1699 1129 relicta
1726 1070 1939 1145 jacere.

1495 1171 1556 1226 X
1572 1172 1635 1227 X
1652 1170 1715 1225 X
1730 1170 1761 1225 1
1780 1172 1830 1226 Ι.

713 1266 868 1325 cnam
895 1286 992 1325 me
1019 1262 1135 1324 hoc
1165 1277 1433 1345 tempore
1458 1278 1718 1344 nugator
1738 1284 2095 1345 cognoscere
2116 1284 2240 1325 non
2258 1266 2364 1325 vis.

1469 1366 1530 1421 x
1547 1366 1608 1445 x
1623 1367 1684 1422 x
1702 1366 1733 1421 1
1752 1365 1783 1420 1
1802 1367 1851 1423 Ι.

711 1460 1070 1523 summatim
1098 1472 1296 1519 tamen
1321 1460 1590 1540 experiar
1604 1460 1931 1519 rescribere
1956 1460 2181 1538 paucis.

779 1606 784 1616 .
1494 1560 1555 1616 X
1572 1562 1633 1617 X
1650 1560 1711 1617 X
1728 1559 1757 1616 1
1770 1560 1844 1615 V.

714 1655 906 1734 quue
934 1656 1052 1713 tuis
1077 1655 1244 1715 saevis
1271 1655 1439 1715 factis
1455 1699 1472 1727 ,
1498 1667 1559 1714 et
1582 1654 1839 1715 tristibu’
1868 1654 2061 1712 dictis.

1438 1758 1467 1771 *
1508 1754 1567 1811 X
1582 1755 1645 1811 X
1662 1754 1721 1809 X
1734 1754 1810 1809 V.

712 1851 978 1911 Neminie
1005 1851 1242 1931 ingenio
1269 1870 1635 1931 quemquam
1663 1848 1959 1908 confidere
1986 1862 2237 1927 oportet.

1483 1950 1547 2006 Χ·
1559 1951 1622 2006 X
1638 1950 1699 2007 X
1710 1951 1765 2006 V
1777 1950 1827 2005 I.

717 2047 780 2107 si
806 2046 980 2105 liceat
1005 2046 1196 2105 facere
1210 2089 1227 2118 ,
1251 2058 1431 2125 atque
1453 2044 1569 2104 hoc
1590 2044 1846 2103 versibu’
1868 2044 2116 2104 reddere
2132 2089 2150 2117 ,
2178 2045 2343 2125 quod
2370 2047 2473 2106 do.

1462 2144 1855 2201 xxxvu.
2398 2212 2405 2216 .

719 2240 911 2301 Sicuti
937 2252 994 2299 te
1010 2284 1028 2314 ,
1062 2241 1204 2320 quia
1229 2261 1296 2299 ea
1311 2284 1328 2313 ,
1361 2236 1495 2321 quae
1538 2228 1795 2320 speciem
1824 2239 1961 2299 vitae
1986 2252 2267 2320 putamus
2289 2260 2437 2301 esse.

1442 2342 1503 2397 X
1520 2341 1581 2398 X
1596 2342 1659 2398 X
1672 2341 1727 2397 V
1740 2340 1769 2397 1
1790 2341 1821 2396 Ι
1840 2339 1889 2396 1.

718 2439 902 2498 Secus
927 2455 1068 2494 cum
1093 2455 1128 2494 e
1157 2435 1360 2495 medio
1385 2456 1456 2494 ac
1484 2436 1631 2496 ludo
1658 2436 1813 2494 bene
1844 2438 2014 2514 potu’
2040 2439 2298 2499 recessit.

1476 2536 1539 2590 X
1556 2537 1617 2592 X
1633 2537 1692 2594 X
1708 2537 1737 2590 Ι
1756 2536 1835 2593 X.

716 2631 922 2692 Calvu’
953 2631 1211 2692 Palatina
1229 2675 1248 2705 ,
1271 2630 1362 2690 vir
1385 2630 1634 2703 nobilis,
1666 2651 1735 2691 ac
1760 2631 1947 2691 bonu’
1971 2631 2157 2692 hello.

1586 2733 1649 2788 Χ
1664 2733 1731 2788 L.

717 2828 792 2888 Et
819 2845 974 2888 saevo
995 2870 1014 2902 ,
1037 2843 1106 2888 ac
1131 2827 1286 2896 duro
1315 2827 1380 2888 in
1404 2825 1568 2887 bello
1598 2827 1795 2888 multo
1820 2829 2085 2908 optimus
2108 2827 2315 2890 hostia

1559 2929 1621 2986 X
1637 2929 1687 2984 L
1705 2929 1757 2985 Ι.

712 3024 896 3098 Quod
926 3036 1057 3084 tuas
1082 3023 1290 3083 laudes
1315 3023 1524 3102 culpas
1539 3067 1557 3097 ,
1584 3043 1709 3084 non
1735 3024 1973 3104 proficis
1997 3023 2213 3084 hilum.
2288 3059 2294 3064 ·
2396 3015 2403 3022 ’

2570 2019 2598 2028 x

705 3225 796 3274 29.
819 3210 1050 3261 Nonius:
1075 3212 1248 3270 Ferre,
1265 3209 1489 3260 laudare.
1701 3211 1759 3260 in
1777 3210 1799 3259 ἰ
1814 3212 2060 3262 convertit
2078 3213 2135 3260 iu
2156 3211 2385 3278 genitivo
2402 3248 2418 3274 ,
2442 3224 2507 3264 ut
2526 3232 2675 3265 nemo
2687 3252 2707 3273 ,

711 3293 802 3342 30.
830 3292 1060 3343 Nonius<
1089 3293 1329 3351 Incilare,
1357 3303 1435 3340 est
1458 3293 1627 3341 incre-
1704 3289 1924 3338 neminis.
1942 3287 2170 3340 Nonius:
2193 3291 2447 3352 Nominis,
2471 3295 2707 3358 positum

635 3389 758 3440 pare
784 3375 866 3424 vel
891 3373 1194 3439 improbare.
1700 3387 1797 3436 pro
1818 3370 2023 3418 nullius.

709 3455 800 3504 31.
818 3455 882 3504 N.
897 3457 1053 3512 Iacet,
1063 3453 1250 3512 sordet,
1263 3469 1358 3502 nec
1367 3453 1513 3502 laetns
1526 3465 1621 3502 est.
1777 3451 1861 3500 36.
1890 3451 2116 3500 Nonius:
2137 3451 2250 3510 Da,
2276 3451 2375 3501 dic.

709 3538 794 3586 32.
819 3535 1020 3585 Nonius
1045 3552 1056 3581 ε
1091 3521 1350 3600 Nugatur.
1374 3534 1621 3583 turbator.
1777 3533 1864 3592 37.
1894 3532 2093 3586 Nonius
2118 3549 2132 3579 ε
2166 3532 2382 3596 Speciem
2399 3566 2419 3591 ,
2442 3534 2713 3600 specimen

709 3617 794 3665 33.
822 3616 1050 3666 Nonius:
1081 3615 1344 3678 Experiri,
1374 3626 1584 3663 tentare.
1702 3613 1783 3663 vel
1808 3613 2078 3676 exemplar.

711 3697 794 3754 34.
845 3695 1048 3746 Nouius
1080 3711 1101 3742 ,ι
1139 3697 1324 3742 Savum
1353 3729 1370 3752 ,
1416 3695 1619 3744 durum.
1776 3695 1859 3741 38.
1886 3694 2116 3741 Nonius:
2140 3693 2291 3740 Porus
2304 3729 2323 3752 ,
2345 3711 2376 3742 a
2402 3693 2658 3745 bibendo.

632 3778 814 3827 Idem:
848 3777 1028 3834 Triste,
1053 3775 1286 3836 crudele,
1309 3777 1519 3826 immite.
1775 3775 1859 3836 39.
1898 3775 2135 3824 Nonius:
2167 3778 2335 3823 Bonus
2368 3787 2422 3824 et
2458 3779 2617 3827 fortis
2656 3788 2713 3828 et

713 3858 800 3906 35.
840 3855 1128 3905 Priscianus
1146 3890 1163 3916 ,
1193 3855 1285 3905 lib.
1323 3859 1398 3904 v1
1424 3874 1437 3904 :
1472 3857 1641 3911 Nema
1705 3855 1822 3922 pius
1849 3855 1950 3904 dici
1978 3867 2161 3921 potest.
2280 3919 2288 3924 ἢ

633 3953 840 4003 quoque
859 3969 874 3996 ‚
903 3937 1008 3984 sive
1036 3953 1102 3984 ex
1131 3937 1234 3986 hoc
1257 3937 1627 4001 compositum,
1784 3945 1868 3992 4ο.
1901 3937 2127 3985 Nouius:
2158 3941 2347 3986 Saeuum
2379 3937 2575 3988 dicitur
2609 3941 2723 3989 im-

637 4027 696 4064 ut
733 4015 1037 4082 quibusdam
1077 4017 1278 4072 videtur
1300 4051 1316 4077 ,
1351 4035 1443 4066 seu
1482 4035 1593 4067 non
1609 4053 1629 4083 ,
1708 4017 1846 4069 mite·
1876 4015 2047 4065 Idem:
2068 4019 2263 4076 Durus,
2292 4035 2509 4068 nocens.

635 4099 926 4146 communis
946 4107 1021 4146 est
1039 4100 1262 4182 genez-if,
1281 4109 1332 4148 et
1348 4099 1581 4152 similiter
1600 4116 1631 4148 o
1781 4109 1870 4168 41.
1882 4099 2019 4150 Non.
2035 4099 2204 4150 Hilum
2215 4135 2235 4161 ,
2262 4086 2423 4152 breve⁸
2432 4101 2724 4172 quoddam.
