2775 4619
563 433 682 478 102

1068 408 1149 473 A.
1210 409 1591 474 PERSII
1652 407 2038 476 FLACCI

639 534 988 622 Exspecta:
1014 531 1194 596 haud
1217 532 1397 596 aliud
1424 533 1812 624 respondeat
1835 535 1973 599 haec
2001 550 2187 600 anus.
2220 537 2253 600 Ι
2270 580 2291 616 ,
2322 554 2551 604 nune:

639 649 1078 714 Dinomaches
1099 671 1222 738 ego
1247 665 1413 714 sum.
1440 648 1663 713 Suffla.
1692 649 1853 714 Sum
1876 649 2215 716 candidus.
2242 652 2432 718 Esto:

2533 681 2611 715 20

637 767 817 830 Dum
846 788 934 830 ne
957 765 1244 838 deterius
1274 766 1486 855 sapiat
1508 781 1851 855 pannucea·
1878 767 2111 832 Baucis
2124 810 2147 848 ‚

623 979 711 1028 19.
733 960 1010 1029 Exspecta]
1043 959 1308 1031 Exspecta
1325 996 1342 1023 ,
1372 970 1428 1011 et
1454 971 1533 1012 at·

549 1040 718 1094 tende
749 1058 1081 1112 parumper,
1108 1041 1292 1111 inquit
1328 1045 1491 1112 poeta
1516 1059 1530 1091 ε

548 1121 948 1190 interrogemus
973 1120 1110 1171 hanc
1133 1119 1376 1172 vetulam
1398 1139 1533 1190 pan-

549 1218 781 1252 nuceam
817 1199 1086 1252 olitricem
1125 1211 1494 1251 transeuntem
1513 1217 1533 1264 ;

549 1294 605 1334 et
644 1280 711 1332 ab
749 1300 808 1334 ea
846 1297 1147 1351 quaeramus
1162 1317 1178 1345 ,
1210 1278 1345 1351 quid
1386 1281 1531 1350 opti-

547 1379 704 1414 mum
731 1363 786 1414 in
812 1363 922 1416 vita
945 1361 1196 1434 judicet?
1217 1361 1366 1414 idem
1386 1381 1448 1414 ac
1470 1375 1529 1414 tu

545 1441 936 1515 respondebit=
968 1437 1086 1498 scil.
1123 1462 1403 1496 summum
1431 1445 1531 1496 bo-

545 1543 681 1577 num
700 1525 756 1577 in
778 1519 986 1579 deliciis
1005 1545 1201 1578 mensae
1215 1539 1270 1578 et
1285 1525 1530 1597 corporis

546 1606 830 1659 curatione
852 1607 1030 1658 situm.
1055 1632 1077 1653 ι
1100 1605 1417 1670 Poteratne,
1439 1603 1531 1658 ad-

549 1709 573 1731 «
598 1682 678 1736 dit
699 1683 929 1736 Casaub.
946 1684 1113 1754 magis
1128 1683 1328 1737 fastum
1343 1698 1529 1737 retun-

549 1790 572 1812 α
597 1763 725 1818 dere
761 1767 1045 1818 insolentis
1077 1751 1292 1838 juvenis
1308 1805 1323 1831 ,
1360 1772 1527 1837 quam

549 1869 573 1891 α
596 1848 722 1896 cum
742 1845 900 1897 illum
921 1843 1174 1898 assimilat
1192 1847 1419 1898 aniculae
1435 1884 1450 1910 ,
1472 1857 1527 1898 et

547 1950 571 1971 ι
592 1942 890 1996 pannuceae
909 1925 1108 1979 olitrici
1127 1939 1416 1998 comparat.
1430 1951 1528 1972 »—

543 2010 590 2064 1,
600 2025 752 2065 nunc,
763 2021 851 2056 etc.
867 2005 1034 2077 Perge
1047 2008 1068 2075 (
1080 2010 1384 2068 Poursuiwz,
1400 2011 1529 2057 allez

544 2089 782 2154 toujours,
805 2101 856 2136 et
865 2089 1128 2137 dites-nous
1145 2108 1261 2138 avec
1270 2089 1499 2154 'emphase
1508 2107 1527 2137 .·

540 2167 872 2216 Dinomaches
885 2185 974 2233 ego
987 2169 1134 2236 sum),
1145 2179 1270 2237 post
1283 2165 1387 2219 tale
1400 2181 1530 2238 pro-

1612 959 1753 1012 Gall.
1796 962 1990 1031 s'enfler
2001 998 2019 1020 ,
2050 979 2215 1016 emet,-
2247 965 2513 1030 d'orgueil.
2529 995 2607 1005 —-

1614 1047 1727 1090 Sum
1768 1044 2018 1091 candidus.
2070 1041 2203 1094 Erat
2242 1043 2557 1096 Alcibiades
2582 1083 2601 1116 η

1612 1119 1773 1172 etiam
1806 1119 2074 1192 Apollinis
2102 1121 2346 1193 Judicio,
2376 1121 2603 1176 Groeco-

1612 1219 1739 1254 rum
1787 1201 2242 1269 formosissimus,
2272 1207 2500 1266 κοίλλιςὸς
2539 1227 2598 1258 τε

1610 1282 1693 1336 aaa
1722 1283 1952 1354 μέγιςος,
1979 1283 2165 1355 inquit
2195 1283 2459 1338 Socrates.
2483 1287 2597 1338 Ita-

1612 1380 1719 1432 que
1754 1360 1823 1414 ad
1864 1363 1979 1434 ejus
2025 1361 2257 1426 formam
2296 1383 2465 1436 opera
2500 1383 2598 1418 sua

1610 1443 1895 1513 exigebant
1922 1443 2195 1508 statuarii,
2224 1443 2441 1517 quoties
2466 1445 2598 1516 pul-

1610 1521 1978 1576 chritudinem
1997 1525 2301 1596 exprimere
2319 1524 2595 1578 volebant.

1611 1593 1735 1656 Non
1774 1603 1849 1656 ita
1888 1617 2035 1658 certe
2082 1605 2352 1658 formosus
2393 1605 2543 1657 Nero
2575 1624 2589 1657 t

1608 1685 1741 1758 quin
1764 1685 1932 1737 immo
1947 1723 1962 1749 ,
1983 1681 2208 1756 ignobili
2231 1685 2396 1737 fuisse
2418 1684 2597 1756 figura

1606 1781 1673 1817 ex
1690 1765 1877 1818 statuis
1898 1785 2019 1837 quae
2042 1779 2338 1837 supersunt
2356 1778 2412 1817 et
2434 1785 2595 1817 num-

1606 1845 1708 1898 mis
1747 1846 2011 1914 videturf.
2047 1848 2147 1901 etsi
2192 1861 2370 1900 tamen
2412 1846 2481 1900 de
2524 1865 2593 1900 eo

1608 1926 1757 1980 Suet.
1794 1924 1941 1980 Nero
1960 1965 1977 1992 ‚
2008 1945 2121 2000 cap.
2155 1925 2216 1980 51
2242 1947 2255 1978 :
2288 1933 2413 1978 Erat
2442 1931 2595 1980 vultu

1598 2010 1812 2074 pulchro
1844 2009 2001 2076 magis
2038 2011 2189 2078 quam
2225 2023 2449 2059 venusto.
2478 2009 2594 2062 Cae·

1608 2099 1787 2140 terum
1805 2127 1822 2153 ,
1849 2089 1965 2140 baec
1993 2107 2217 2160 quoque
2236 2087 2442 2140 Neroni
2462 2107 2593 2160 pos-

1607 2177 1739 2217 sunt
1781 2183 2117 2220 convenire:
2158 2184 2320 2228 nam,
2358 2184 2473 2216 non
2514 2167 2595 2217 ait

539 2249 706 2300 brum
727 2251 940 2320 generis
955 2251 1064 2316 tui,
1087 2250 1425 2302 nobilitatem
1442 2269 1529 2303 os·
1591 2245 1844 2313 formosus
1865 2267 1969 2296 sum
1982 2284 2000 2306 ‚
2024 2243 2121 2298 sed
2138 2247 2411 2305 candidus;
2436 2243 2593 2317 quod

543 2336 720 2394 tenta,
749 2339 802 2381 et
832 2331 1079 2401 corporis
1106 2332 1331 2383 formam
1356 2351 1369 2382 ε
1397 2346 1525 2391 esto,

540 2406 586 2460 si
618 2404 808 2472 lubet,
839 2410 974 2461 dum
1011 2410 1142 2463 mihi
1181 2410 1442 2463 concedas
1470 2422 1524 2463 te

538 2484 668 2556 plus
683 2486 956 2556 sapientiae
977 2506 1088 2539 non
1109 2488 1308 2539 habere
1323 2526 1338 2553 ,
1359 2492 1525 2559 quam

543 2566 801 2635 quaelibet
847 2583 979 2619 anus
1032 2567 1285 2641 imperita
1333 2578 1389 2623 et
1431 2588 1527 2622 ve-

538 2660 684 2698 sana.
715 2648 778 2699 P.

617 2746 700 2778 20.
727 2730 1056 2780 Dinomaches
1087 2749 1177 2797 ego
1207 2734 1350 2797 sum.]
1379 2728 1523 2781 Alci-

537 2804 726 2862 biades
746 2846 761 2873 ,
790 2809 974 2880 inquit
1009 2808 1285 2862 Plutarch.
1324 2824 1523 2863 mater-

537 2902 665 2941 nam
675 2888 942 2959 originem
958 2888 1190 2950 ducebat
1202 2891 1269 2942 ab
1279 2890 1523 2941 Alcmeo-

537 2968 668 3019 nide
685 3006 702 3031 ‚
725 2986 888 3041 quem
913 2988 981 3021 ex
1010 2970 1341 3022 Dinomacha
1369 2971 1521 3041 geni-

538 3062 656 3102 tum
691 3050 865 3102 aiunt.
899 3052 981 3102 Ita
1006 3049 1223 3103 Persius
1249 3052 1519 3123 originem

536 3128 830 3185 Alcibiadis
869 3130 1171 3202 repetendo
1201 3152 1231 3185 a
1266 3132 1481 3185 feminis
1500 3170 1517 3197 ‚

539 3210 764 3281 oblique
804 3230 905 3264 nec
943 3212 1124 3265 minus
1165 3212 1376 3265 satirice
1415 3212 1521 3267 Ne·

535 3308 730 3343 ronem
763 3291 1006 3364 designat
1031 3331 1050 3356 .,
1083 3312 1153 3345 ex
1185 3294 1325 3346 Julia
1362 3306 1519 3365 gente

536 3370 841 3425 oriundum
879 3376 944 3426 ab
980 3375 1276 3446 Agrippina
1314 3388 1517 3439 matre,

535 3452 627 3503 cui
655 3468 914 3524 praeterea
949 3454 1177 3509 debebat
1201 3456 1513 3527 imperium.

535 3534 787 3616 ss-Suffla.
809 3534 965 3587 Idem
983 3555 1044 3587 ac
1062 3555 1226 3608 supra
1242 3574 1260 3601 ‚
1281 3548 1374 3588 sat.
1395 3534 1486 3588 111
1502 3574 1518 3600 ,

535 3633 588 3671 v.
625 3633 690 3686 27
714 3653 731 3681 ,
755 3618 1039 3682 pulmonem
1074 3637 1302 3684 rumpere
1335 3618 1517 3668 ventis·

1604 2326 1673 2379 ad
1709 2328 1817 2379 oris
1850 2329 2090 2381 colorem
2128 2340 2362 2399 spectat,
2397 2327 2493 2398 qui
2530 2328 2591 2379 in

1606 2427 1706 2469 eo,
1739 2423 1800 2461 ut
1840 2406 1897 2460 in
1941 2406 2250 2474 Alcibiade,
2280 2406 2433 2460 albus
2470 2426 2591 2461 esse

1606 2490 1872 2560 potuerit.
1900 2489 1966 2540 A.

1686 2588 1713 2621 2
1725 2588 1746 2619 1
1760 2608 1772 2619 .
1802 2570 1915 2618 Esto
1930 2590 1947 2618 :
1965 2568 2081 2618 dum
2100 2588 2163 2617 ne
2179 2568 2389 2619 deterius
2405 2568 2589 2635 sapiat,

1604 2654 1717 2719 eta]
1736 2646 1952 2701 Scilicet
1966 2688 1982 2715 ,
2010 2652 2249 2699 candidus
2276 2660 2329 2701 et
2354 2646 2557 2701 nobilis
2574 2689 2593 2715 ‚

1606 2726 1744 2801 quid
1774 2733 1879 2783 hoc
1918 2730 2099 2783 solum
2134 2730 2204 2783 ad
2237 2728 2377 2783 bene
2412 2730 2593 2802 impe-

1603 2810 1840 2863 randum
1855 2850 1869 2873 ,
1890 2810 1933 2862 si
1954 2812 2011 2861 in
2033 2810 2239 2863 caeteris
2260 2831 2359 2861 non
2378 2812 2595 2861 deterius

1602 2910 1662 2943 ac
1694 2905 1756 2945 tu
1784 2893 1949 2958 sapiat
1978 2890 2159 2943 vetula
2192 2894 2402 2951 Baucis,
2432 2908 2592 2961 aeque

1599 2991 1661 3025 ac
1675 2985 1737 3025 tu
1752 2970 1962 3044 sapiens
1986 2970 2054 3023 sit
2070 2991 2085 3037 ;
2107 2972 2193 3023 vel
2212 2971 2374 3022 etiam
2391 2983 2454 3022 tu
2472 2989 2594 3022 non

1600 3052 1767 3123 magis
1790 3056 1954 3123 quam
1972 3049 2062 3103 illa
2082 3050 2252 3122 sapias
2270 3048 2293 3101 Ρ
2308 3082 2377 3093 --
2392 3052 2593 3102 Baucis.

1600 3135 1751 3185 Anus
1775 3130 2107 3204 paupercula
2144 3132 2304 3202 cujus
2336 3131 2596 3183 meminit

1600 3212 1761 3265 ovid.
1784 3210 2153 3282 Metamorph.
2170 3208 2335 3263 VIII.
2362 3208 2487 3262 Hoc
2506 3211 2597 3262 lo-

1600 3310 1666 3345 co
1689 3330 1706 3356 ,
1739 3292 1970 3363 ponitur
2008 3306 2111 3362 pro
2149 3288 2343 3362 quavis
2381 3290 2594 3360 abjecta

1599 3385 1655 3425 et
1678 3373 1771 3426 vili
1799 3372 2133 3425 muliercula.
2154 3372 2215 3422 P.
2231 3374 2594 3422 ——Pannueca

1600 3452 1979 3507 Pannisobsita
1989 3446 2591 3517 etannorumnumero3

1599 3534 1689 3589 vel
1719 3535 1905 3608 potius
1924 3574 1941 3600 ‚
1970 3554 2092 3606 quae
2119 3553 2317 3606 panem
2351 3546 2411 3586 et
2438 3534 2592 3586 olera

1600 3618 1658 3669 in
1687 3616 1809 3669 foro
1837 3614 2044 3672 vendit.
2079 3617 2145 3667 A.
2502 3620 2507 3625 ’

549 3783 554 3791 “
606 3798 671 3842 V.
705 3812 787 3843 20.
815 3789 1144 3844 Dinomaches
1166 3812 1257 3861 ego
1280 3812 1401 3844 sum.
1425 3798 1540 3843 Sum
1560 3808 1701 3848 vacat
1723 3797 1779 3845 iu
1804 3808 1979 3847 nostro
1999 3796 2190 3846 codice.

606 3902 672 3948 V.
715 3918 798 3949 αι.
839 3904 929 3951 Ne.
975 3902 1086 3951 Non
1128 3919 1224 3967 pro
1265 3920 1327 3951 ne
1343 3938 1362 3961 ,
1400 3902 1511 3951 cod.
1552 3906 2114 3952 noster.-—-Pannucea.
2154 3900 2277 3952 eod.
2318 3912 2499 3951 noster
2530 3896 2591 3951 et

533 3980 685 4028 multi
727 3982 842 4043 alii3
867 3982 1118 4047 pannutia
1133 4018 1150 4041 ‚
1179 3983 1258 4032 vel
1279 3983 1543 4051 panteneia
1583 3986 1709 4033 Item
1754 3984 1873 4033 edit.
1907 3994 2003 4033 vet.
2040 3983 2229 4032 Britan.
2270 3992 2322 4031 et
2356 3980 2549 4031 Aldina
2568 4014 2587 4041 ‚

543 4058 694 4109 1535.
