2775 4619
501 516 506 524 ,
565 449 685 514 116

1047 449 1155 549 .A·
1209 445 1589 512 PERsll
1642 412 1704 510 TF
1730 445 2047 514 LAcct

1306 594 1829 638 nonnarum

635 687 970 771 Quorsum
1003 685 1187 751 haec?
1215 689 1351 751 Aut
1382 702 1656 774 quantas
1686 687 1940 752 robusti
1968 687 2275 752 carminis
2301 681 2465 754 offas
2559 695 2593 751 5

642 805 892 893 Ingeris
910 852 929 885 ‚
957 818 1032 866 ut
1057 826 1176 892 par
1211 803 1294 867 sit
1333 817 1906 892 centeno-gutture
1940 795 2114 866 niti?

637 917 903 984 Grande
934 918 1217 982 locuturi
1233 967 1251 999 ,
1279 917 1547 982 nebulas
1574 917 1886 983 Helicone
1916 919 2185 1007 legunto
2203 968 2223 1003 ‚

552 1125 646 1178 hic
655 1119 832 1176 clades
843 1119 1088 1174 Parthisa
1096 1121 1352 1174 Romanis
1365 1119 1537 1174 illatas

551 1203 874 1278 significant.
889 1203 964 1253 Ut
981 1199 1257 1255 Neronem
1274 1214 1327 1253 et
1345 1203 1537 1254 Roma·

551 1305 652 1340 nos
666 1301 916 1357 proceres
928 1281 1212 1334 laudarent
1221 1282 1538 1354 poetae‚qui-

555 1367 680 1420 dam
693 1365 942 1418 Parthica
955 1363 1419 1434 scripserunt,seu
1430 1362 1537 1416 his·

553 1448 720 1502 torias
737 1444 807 1498 de
827 1445 993 1497 rebus
1018 1442 1282 1496 Parthicis
1299 1444 1402 1494 sub
1427 1444 1535 1495 Ne·

549 1547 688 1583 rone
697 1525 1024 1597 gestis,quos
1033 1523 1122 1575 hic
1133 1522 1312 1575 obiter
1321 1522 1536 1576 Persius

549 1604 975 1682 perstringit.—
989 1605 1220 1654 Ducentis
1243 1605 1309 1653 ab
1337 1606 1537 1671 inguine

535 1692 756 1760 firrum.
783 1685 1006 1756 sagittas
1038 1696 1094 1735 et
1120 1682 1224 1735 tela
1251 1701 1282 1736 e
1307 1683 1535 1736 vulnere

551 1765 889 1823 extrahentis
907 1802 924 1828 ‚
954 1775 1008 1816 et
1035 1763 1091 1815 in
1121 1763 1334 1826 hostem
1361 1777 1536 1816 retor-

553 1846 792 1920 quentis.
831 1843 974 1895 Male
1002 1880 1020 1907 ‚
1061 1855 1248 1896 nostro
1285 1841 1498 1914 judicio
1516 1880 1533 1905 ,

550 1927 901 1983 casaubonus
937 1924 1288 1994 interpretari
1321 1924 1539 1979 videtur

548 2010 775 2064 vulnera
795 2026 823 2058 a
847 2003 1058 2058 Parthis
1078 2004 1409 2058 ducentibus
1422 2043 1439 2069 ‚
1459 2006 1538 2059 vi-

549 2089 840 2144 brantibus
906 2088 1112 2139 ferrum
1179 2087 1246 2138 ab
1312 2087 1536 2158 inguine

553 2171 577 2238 (
605 2182 714 2222 tres
762 2167 911 2220 enim
963 2165 1217 2218 describit
1257 2164 1537 2239 jaculandi

549 2247 746 2302 modos
767 2267 784 2315 3
805 2247 918 2301 scil.
942 2267 976 2298 a
997 2267 1211 2298 manama
1226 2286 1243 2308 ‚
1271 2247 1411 2319 παρὰ
1433 2268 1533 2321 μοι·

550 2334 629 2393 ζὸν
647 2371 664 2397 ‚
687 2350 722 2380 a
743 2332 903 2395 capite
914 2367 931 2389 ,
956 2330 1100 2401 παρὰ
1117 2332 1174 2381 τὸ
1196 2326 1354 2392 δεξιὸν
1369 2331 1533 2393 ὠτίον,

549 2416 619 2467 ab
633 2413 862 2469 humero,
882 2410 1022 2481 παρὰ
1041 2401 1208 2481 ὦμον)
1224 2432 1239 2473 3
1259 2408 1537 2481 numquid

552 2489 702 2545 enim
739 2489 970 2543 Romani
1009 2493 1186 2559 poetae
1224 2487 1535 2541 laudassent

553 2570 784 2623 Parthos
805 2570 906 2621 tela
921 2567 1193 2621 vibrantes
1213 2579 1266 2619 et
1279 2568 1536 2620 Romanis

554 2662 790 2703 mortem
820 2648 1152 2712 inferentes,
1180 2647 1537 2719 potiusquam

553 2730 792 2785 victores
838 2728 1167 2781 Parthorum
1215 2726 1487 2779 Romanos
1514 2724 1539 2777 Ρ

557 2808 710 2881 quod
743 2822 924 2863 tamen
961 2806 1259 2860 dicendum
1287 2809 1431 2860 soret
1448 2845 1465 2872 ,
1494 2806 1539 2859 si

554 2888 778 2940 vulnera
817 2902 1167 2942 sumerentur
1205 2888 1295 2940 hic
1326 2889 1501 2943 active
1522 2926 1540 2955 ,

558 2983 627 3023 ut
648 2971 769 3025 vult
792 2969 1159 3023 casaubonus.
1191 2967 1253 3019 P.
1279 2982 1332 3022 et
1349 2972 1415 3021 A.

632 3068 682 3120 5.
707 3072 946 3132 Quorsum
963 3068 1136 3135 Iioecz’]
1150 3066 1386 3119 Miratur
1397 3066 1545 3119 enim

559 3147 870 3212 Cornutus,
890 3150 1018 3199 cum
1043 3145 1308 3199 humilem
1331 3160 1545 3200 tantum

555 3228 778 3281 satiram
797 3228 1012 3281 Persius
1031 3228 1338 3281 conscribat
1350 3266 1368 3294 ‚
1391 3227 1544 3301 quod

545 3320 824 3379 ‚tanquam
857 3309 1043 3380 epica‚
1073 3322 1130 3362 et
1171 3310 1368 3381 tragica
1406 3322 1543 3362 trac-

562 3398 776 3457 taturus
800 3425 818 3451 ‚
862 3399 944 3440 tot
991 3407 1086 3441 ora
1132 3401 1296 3460 atque
1333 3390 1545 3458 linguas

563 3469 670 3523 sibi
706 3481 954 3539 exoptet.
977 3500 1050 3509 -
1072 3476 1178 3522 Aut
1211 3485 1427 3537 quantas
1462 3491 1547 3521 ro-

551 3553 697 3607 ‚busci
727 3552 960 3601 carminis
1002 3552 1134 3618 ‹ffas
1177 3552 1358 3618 ingeris
1381 3560 1411 3599 ι’
1447 3549 1549 3603 Ca·

561 3632 842 3683 saubonus
879 3631 992 3683 sic:
1039 3656 1060 3678 ι
1091 3631 1311 3683 Persius
1344 3632 1547 3683 malum

569 3736 595 3759 α
617 3719 836 3784 poetam
869 3725 926 3765 et
959 3712 1238 3767 tumidum
1272 3714 1409 3780 offas
1432 3734 1546 3764 car-

577 3816 601 3839 «
622 3796 764 3843 minis
799 3792 875 3845 ait
913 3796 1131 3861 &agerere
1139 3828 1296 3843 .....
1309 3832 1332 3859 ⁶.
1374 3806 1548 3847 trans·

1618 1120 1833 1174 «latum
1866 1120 2097 1175 verbum
2132 1141 2162 1174 e
2196 1122 2468 1193 pistorum
2500 1123 2599 1178 vel

1620 1222 1642 1243 ι
1665 1216 1973 1270 coquorum
2003 1198 2264 1269 operibus
2289 1218 2302 1250 :
2330 1219 2457 1251 nam
2484 1202 2602 1268 offa

1620 1306 1642 1327 ι
1667 1292 1746 1331 est
1784 1281 1960 1340 ἔνθεσις
1977 1317 1991 1338 ,
2019 1281 2245 1352 proprie
2278 1282 2450 1353 pultis
2476 1319 2494 1346 ‚
2530 1295 2601 1336 ut

1617 1383 1641 1406 α
1662 1357 1871 1412 indicat
1895 1358 2035 1414 Plin.
2048 1361 2145 1412 lib.
2160 1361 2385 1427 XVIII,
2404 1379 2522 1433 cap.
2537 1363 2605 1414 8.·

1619 1465 1643 1486 ι
1664 1441 1749 1493 Ita
1778 1441 1939 1494 etiam
1972 1455 2237 1496 vocantur
2268 1443 2349 1494 illi
2382 1443 2605 1514 globuli

1618 1546 1641 1568 ι
1666 1521 1867 1592 quibus
1878 1541 1999 1576 aves
2012 1523 2183 1576 altiles
2200 1522 2551 1576 farciuntur..
2562 1565 2575 1577 .
2587 1565 2605 1577 .

1618 1592 1743 1654 «Ita
1761 1639 1780 1668 ‚
1808 1603 1930 1669 osfce
1962 1607 2191 1654 carminis
2222 1607 2441 1666 robusti,
2480 1624 2607 1657 car·-

1618 1704 1641 1727 ι
1662 1699 1789 1732 men
1826 1701 1941 1734 non
1978 1681 2286 1735 deductum
2303 1720 2322 1748 ,
2346 1683 2443 1736 sed
2470 1703 2606 1746 ,am-

1616 1787 1639 1807 -
1658 1761 1932 1833 pullatum
1951 1799 1968 1827 ,
2000 1762 2283 1834 turgidum
2314 1776 2476 1835 atque
2512 1764 2608 1816 in-

1620 1866 1642 1887 «
1664 1841 1999 1894 elaboratum
2018 1842 2158 1912 (vid.
2176 1843 2209 1894 J
2216 1863 2370 1897 uven-
2386 1856 2484 1898 sat.
2506 1845 2567 1896 II
2582 1883 2603 1910 ,

1622 1947 1645 1967 ιι
1665 1942 1721 1974 v.
1743 1921 2157 1992 33).-——Ingeris.
2176 1923 2391 1977 Profers
2410 1925 2470 1975 in
2490 1944 2606 1996 pu·

1621 2027 1643 2048 ι
1666 2003 1873 2056 blicum
1910 2018 1964 2056 et
2000 2004 2299 2057 lectoribus
2344 2006 2453 2057 tuis
2500 2007 2609 2058 ob-

1618 2106 1641 2128 ·
1660 2082 1801 2153 jicis.
1827 2109 1851 2128 ι
1872 2114 1943 2122 -
1959 2087 2170 2152 Inger-is.
2198 2085 2287 2135 Au
2320 2085 2429 2137 lieu
2462 2084 2609 2138 d’in-

1607 2166 1773 2231 geris,
1794 2165 1851 2235 je
1881 2163 1949 2215 lis
1978 2167 2167 2230 eger-th
2195 2175 2250 2215 et
2272 2166 2328 2236 je
2353 2163 2570 2217 traduis
2595 2187 2611 2217 ε

1614 2261 1907 2296 avez-vous
1936 2241 2069 2296 dans
2094 2244 2367 2296 l’estomac
2394 2257 2511 2297 tant
2530 2245 2610 2300 de

1616 2324 1819 2395 gobhes
1864 2324 2155 2396 poetiques
2199 2327 2221 2394 (
2249 2344 2324 2377 ou
2366 2324 2435 2378 de
2478 2346 2612 2379 vers

1617 2403 1788 2473 durs)
1816 2410 1843 2455 a
1868 2403 2068 2457 rendre
2085 2441 2104 2468 ,
2132 2404 2265 2476 qu'il
2291 2423 2425 2457 vous
2455 2406 2610 2460 saille

1614 2484 1665 2536 le
1694 2502 1910 2537 secours
1946 2482 2015 2537 de
2048 2496 2175 2539 cent
2212 2484 2434 2557 gosiers.
2479 2487 2608 2553 Off&

1615 2565 1826 2636 signifi'e
1854 2565 2133 2633 boulette,
2163 2565 2372 2637 gobbe,
2398 2577 2454 2618 et
2484 2586 2605 2619 non

1615 2650 1760 2718 pate.
1790 2650 2014 2697 Dideroe.

1690 2736 1745 2785 6.
1794 2738 1857 2783 Ue
1884 2754 1989 2801 par
2025 2737 2117 2795 sit,
2152 2736 2273 2807 eta]
2315 2734 2488 2788 Velut
2532 2734 2606 2788 ad

1618 2811 1957 2885 trajiciendas
1968 2814 2107 2867 offas
2122 2814 2237 2867 illas
2254 2814 2575 2887 grandiores
2588 2854 2609 2879 ,

1620 2893 1735 2948 sive
1765 2892 1833 2947 ad
1865 2894 2223 2965 proferendos
2245 2915 2431 2951 versus
2470 2896 2610 2949 adeo

1622 2986 1920 3045 turgentes.
1946 3007 2017 3016 —
2042 2979 2177 3038 Niti,
2214 2996 2318 3050 pro
2362 2977 2566 3031 habere
2586 3015 2608 3045 ‚

1624 3054 1827 3108 fultum
1860 3074 1991 3109 esse.
2021 3058 2081 3109 P.
2572 3100 2579 3107 .

1702 3162 1751 3214 7.
1768 3147 1969 3195 Grande
1979 3148 2225 3214 locuturi.]
2245 3148 2405 3199 Vates
2418 3184 2435 3211 ,
2450 3165 2614 3219 gran-

1628 3223 1699 3277 de
1720 3224 1927 3297 aliquid
1956 3225 2195 3279 locuturi
2214 3264 2231 3292 ,
2260 3230 2485 3297 legunto,
2512 3243 2617 3279 ete-

1624 3306 1980 3371 catachresis,
2003 3320 2067 3360 ut
2086 3328 2204 3381 sup.
2220 3321 2319 3361 sat.
2341 3310 2371 3360 1
2388 3347 2407 3375 ,
2427 3328 2479 3363 v.
2510 3316 2577 3373 ¹4
2598 3329 2615 3360 ε

1841 3395 2027 3443 Grande
2045 3396 2227 3459 aliquid
2238 3430 2255 3452 ,
2272 3407 2365 3444 etc.

1624 3477 1912 3526 —Nebulas
1922 3478 2155 3527 Helieone
2166 3480 2379 3545 legunto.
2390 3476 2468 3529 Ut
2484 3494 2615 3549 sup.

1626 3554 1697 3609 ad
1710 3556 2023 3627 prologum,
2034 3559 2620 3623 Heliconiadasque,pal-

1625 3634 1881 3701 lidamque
1916 3638 2149 3688 Pirenen.
2162 3664 2235 3677 —
2250 3638 2479 3687 Nebulas.
2508 3638 2618 3689 Le-

1626 3714 1717 3769 via
1732 3753 1749 3780 ‚
1772 3728 1827 3768 et
1854 3734 1975 3788 quae
2000 3716 2111 3769 sola
2138 3715 2320 3789 specie
2344 3727 2478 3769 sunt
2500 3734 2620 3771 ma-

1626 3813 1751 3866 gna.
1844 3828 1861 3850 0

643 3979 708 4024 V.
738 3976 786 4022 6.
811 3974 1026 4021 Gutture.
1053 3974 1241 4022 Omnes
1263 3973 1431 4021 nostri
1452 3972 1599 4023 codd.
1621 3969 1809 4025 habent
1826 3974 1911 4026 ita.
1931 3976 2259 4035 Casaubonns
2277 3973 2349 4025 ait
2367 3977 2623 4045 quosdam

571 4057 746 4125 legisse
761 4052 978 4120 gurgite.
