2775 4619
597 411 720 457 122

1112 390 1193 452 A.
1243 376 1619 478 PERSH
1686 391 2075 458 FLACCI

676 517 842 580 Ciun
869 514 1156 604 primum
1181 515 1425 604 pavido
1448 533 1659 582 custos
1686 519 1853 582 mihi
1876 541 2171 607 purpura
2198 522 2387 586 cessit
2400 569 2421 603 ,

2568 533 2647 586 30

579 630 584 635 ’
675 631 988 720 Bullaque
1015 631 1356 696 succinctis
1383 632 1657 698 Laribus
1686 632 1925 698 donata
1950 633 2303 723 pependit3

670 748 838 811 Cum
853 745 1093 814 ‚blandi
1115 746 1384 812 comites
1404 795 1423 828 ‚
1446 747 1715 836 totique
1738 747 2011 837 impune
2036 749 2333 814 Saburra

585 953 676 986 ees.
688 932 783 984 His
791 932 973 986 verbis
983 930 1421 1005 magnitudinem
1432 951 1574 986 amo-

587 1015 665 1068 ris
689 1013 774 1066 sui
795 1013 996 1084 pingit.
1019 1013 1086 1064 L.

660 1094 750 1146 3ο.
779 1099 894 1145 ceam
911 1097 1128 1160 primum
1143 1132 1162 1154 ,
1184 1095 1294 1162 eea]
1315 1093 1575 1146 Ostendit

587 1195 801 1228 causam
819 1177 954 1228 tanti
976 1176 1174 1228 amoris
1193 1177 1276 1228 sui
1297 1195 1422 1246 erga
1442 1177 1575 1230 Cor-

585 1269 786 1309 nutum
807 1293 824 1320 ,
863 1274 991 1308 eum
1035 1269 1222 1308 ortum
1271 1255 1461 1308 dicens
1502 1275 1573 1310 ex

585 1337 811 1390 honesta
836 1340 953 1408 ejus
971 1337 1218 1390 doctrina
1237 1374 1254 1401 ,
1277 1350 1333 1389 et
1353 1355 1571 1390 morum

585 1436 648 1470 ac
677 1416 988 1472 studiorum
1029 1417 1421 1482 similitudine,
1460 1423 1571 1490 qua

584 1495 655 1550 ad
682 1497 1078 1552 conciliandam
1110 1499 1403 1552 amicitiam
1430 1501 1570 1552 nihil

584 1578 887 1647 efficacius;
907 1581 1070 1632 simul
1089 1593 1144 1632 et
1161 1581 1395 1632 Cornuti
1408 1581 1571 1634 bene·

583 1659 706 1712 ficia
731 1662 790 1712 in
821 1681 878 1713 se
907 1674 1060 1733 grato
1091 1661 1276 1714 animo
1303 1675 1565 1715 recenset.

582 1773 655 1782 —--
667 1745 851 1793 Pavido
869 1746 993 1794 »nihi
1004 1758 1160 1794 cascos
1165 1763 1397 1810 purpura
1408 1747 1563 1794 cessit.

582 1822 726 1874 Ciam
756 1822 1000 1893 primum
1031 1823 1194 1894 posui
1225 1841 1563 1894 purpuram,

579 1901 640 1956 id
656 1915 753 1969 est,
768 1916 948 1974 togam
961 1909 1210 1975 purpura
1223 1917 1563 1976 praetextam,

583 2003 704 2054 quie
765 1983 902 2036 mihi
957 2003 1136 2055 puero
1198 1998 1377 2038 custos
1436 1985 1565 2038 suit.

578 2063 776 2129 Pueri,
795 2063 946 2136 apud
967 2067 1239 2118 Romanos
1252 2103 1273 2130 ,
1297 2084 1473 2137 usque
1498 2065 1567 2118 ad

579 2145 925 2214 pubertatem
983 2147 1375 2199 amiciebantur
1442 2151 1571 2218 toga

579 2231 830 2297 purpura
846 2231 1104 2298 praetexta
1115 2265 1133 2290 ,
1158 2246 1283 2298 quae
1301 2226 1431 2279 ideo
1448 2247 1571 2280 cus·-

580 2316 664 2361 ωε
683 2303 774 2357 hic
795 2303 1025 2367 dicitur,
1051 2304 1176 2376 quia
1199 2304 1292 2357 illa
1309 2317 1461 2357 aetate
1486 2305 1567 2357 la-

581 2384 684 2437 teri
707 2404 1011 2455 puerorum
1036 2385 1360 2457 paedagogus
1384 2398 1567 2438 custos

579 2466 784 2536 apponi
795 2466 1018 2531 solebat,
1031 2467 1190 2537 cujus
1198 2466 1445 2536 primum
1454 2477 1571 2519 erat

581 2545 826 2598 officium
849 2585 867 2612 ,
906 2558 970 2597 ut
1011 2546 1086 2598 ait
1133 2544 1326 2611 Horat.
1365 2546 1463 2597 lib.
1502 2546 1532 2596 1
1550 2582 1569 2611 ,

575 2639 677 2679 sat.
713 2634 746 2691 4
764 2666 780 2692 ,
812 2626 882 2679 de
909 2645 1011 2679 suo
1038 2639 1194 2699 patre
1213 2664 1230 2691 ,

633 2764 645 2775 .
687 2766 700 2778 .
735 2766 748 2777 .
785 2766 796 2777 .
833 2763 846 2777 .
879 2730 1039 2777 'Vitam
1055 2730 1462 2791 famamquetueri

576 2805 862 2853 Incolumem
869 2836 1471 2849 .............

577 2903 648 2955 Et
677 2902 805 2973 quia
833 2919 894 2953 ea
913 2899 1076 2953 vestis
1097 2918 1240 2960 sacra
1267 2900 1567 2953 habebatur

578 2983 999 3053 dicebaturque,
1034 2995 1098 3034 ut
1137 2979 1287 3052 apud
1327 2983 1563 3053 Appian.

575 3068 608 3122 ἢ
644 3068 750 3136 ἱερὰ,
786 3066 926 3125 ἐσθὴς
967 3063 1326 3116 tribunorum
1367 3064 1565 3135 plebis.

577 3142 794 3208 Quare,
819 3144 917 3215 qui
947 3147 1194 3215 purpura
1230 3143 1560 3206 utebantur,

578 3243 644 3277 eo
681 3225 804 3295 ipso
843 3225 1068 3277 nomine
1106 3224 1438 3279 venerabiles
1459 3262 1477 3287 ,
1512 3236 1569 3275 et

577 3304 749 3357 sancti
784 3304 1160 3368 habebantur,
1195 3308 1260 3356 'ut
1279 3341 1295 3367 ,
1331 3304 1376 3355 si
1404 3303 1531 3375 quis
1549 3339 1566 3366 ,

577 3385 920 3437 contumeliae
964 3385 1050 3437 vel
1104 3384 1322 3457 injuriae
1368 3387 1566 3448 causa,

575 3468 829 3544 purpura·
863 3465 1151 3536 insignitos
1194 3476 1565 3528 attrectasset,

575 3563 692 3599 non
731 3546 1022 3597 hominum
1071 3558 1288 3598 tantum
1316 3584 1332 3609 ‚
1374 3544 1469 3598 sed
1514 3558 1568 3598 et

573 3628 820 3679 Deorum
843 3629 967 3698 jura
985 3624 1209 3680 violasse
1233 3626 1568 3698 intelligere-

573 3721 686 3760 tur.
717 3706 914 3758 Fabius
932 3746 949 3771 ,
978 3708 1273 3762 Declamat.
1305 3706 1545 3759 CCCXL

573 3794 676 3860 Ego
694 3794 840 3841 vobis
862 3792 1024 3857 allego
1051 3792 1199 3839 etiam
1228 3790 1356 3839 illud
1370 3806 1565 3839 sacrum

562 3887 932 3940 pra-,textorum
945 3910 962 3931 ,
984 3891 1083 3937 quo
1103 3874 1375 3921 sacerdotes
1392 3873 1568 3920 velan-

574 3968 686 4013 tur,
713 3972 816 4019 quo
846 3954 1162 4019 magistratus
1175 3970 1196 4009 ,·
1223 3968 1326 4017 quo
1356 3952 1567 4021 infirmi-

575 4024 723 4085 tatem
753 4033 988 4099 pueritioe
1029 4050 1223 4083 sacram
1246 4030 1472 4099 facimus
1506 4051 1571 4083 ac

1650 936 2075 984 venerabilem.—
2082 937 2265 985 Pavido
2282 927 2417 985 inihi
2431 936 2607 988 Recte
2628 955 2645 987 τ

1652 1025 1733 1065 est
1756 1013 1901 1065 enim
1924 1013 2016 1064 illa
2040 1025 2160 1066 aetas
2189 1014 2427 1066 obnoxia
2448 1015 2645 1067 alienae

1648 1098 1706 1148 vi
1722 1133 1741 1161 ,
1760 1095 2001 1148 maxime
2032 1101 2131 1148 τῦν
2160 1091 2613 1166 παιδομανούντων
2632 1137 2649 1161 ,

1652 1194 1889 1246 quorum
1906 1173 2107 1246 flagitia
2127 1177 2359 1228 maxime
2376 1175 2649 1228 timeban-

1650 1268 1745 1308 tur
1779 1255 1965 1327 pueris
1982 1293 2001 1320 ,
2035 1268 2101 1308 ut
2136 1255 2313 1308 Graeci
2342 1255 2647 1326 Latinique

1649 1335 1939 1406 scriptores
1962 1337 2163 1406 passim
2188 1347 2473 1388 testantur.
2500 1334 2643 1388 vid.

1649 1415 1890 1466 Macrob.
1908 1414 2130 1468 Saturn.
2148 1415 2251 1468 lib.
2269 1415 2297 1465 1
2312 1452 2333 1479 ,
2352 1410 2470 1486 cap.
2492 1417 2548 1466 6.
2573 1414 2641 1468 C.

1722 1517 1785 1569 31
1798 1557 1811 1569 .
1840 1521 2127 1585 flauaque]
2150 1517 2233 1568 De
2254 1515 2406 1568 bulla
2432 1535 2645 1586 puero·

1646 1617 1773 1650 rum
1802 1597 1953 1651 idem
1991 1599 2237 1650 Macrob.
2272 1598 2393 1649 fuse
2422 1593 2647 1649 disserit

1644 1679 1769 1730 loco
1800 1679 2005 1749 praeit.
2038 1676 2169 1729 vid.
2202 1677 2403 1731 Juven.
2430 1689 2534 1728 sat.
2564 1677 2646 1740 V,

1646 1779 1703 1812 v.
1742 1761 1873 1824 164,
1896 1771 1953 1811 et
1982 1772 2084 1812 sat.
2120 1755 2301 1820 xm,
2330 1778 2387 1812 v.
2426 1757 2517 1810 33.
2557 1759 2649 1820 Ex

1645 1841 1731 1892 his
1752 1879 1769 1906 ,
1816 1840 2025 1893 etiamsi
2072 1857 2189 1892 non
2238 1837 2463 1891 aliunde
2506 1851 2649 1890 nota
2702 1849 2723 1875 ⁸

1646 1923 1790 1975 foret
1834 1923 2093 1974 omnibus
2132 1921 2301 1974 Persii
2344 1920 2607 1988 nobilitas
2622 1949 2647 1976 φ

1646 2015 1917 2056 constaret
1930 2021 2060 2056 eum
2074 2002 2315 2073 equestri
2329 1998 2519 2053 ordini
2538 2001 2647 2052 sal-

1648 2096 1755 2136 tem
1786 2084 1950 2136 fuisse
1984 2081 2305 2136 addictum:
2335 2099 2463 2132 nam
2488 2081 2651 2133 bulla

1646 2164 1747 2215 soli
1783 2164 2055 2216 nobilium
2094 2175 2151 2214 et
2186 2161 2439 2233 equitum
2476 2162 2651 2233 pueri

1646 2244 1998 2304 ornabantur,
2014 2259 2177 2315 quam
2190 2259 2321 2294 cum
2334 2238 2483 2294 virili
2494 2253 2647 2314 toga,

1646 2322 1715 2377 ad
1734 2325 1899 2376 aetatis
1917 2324 2083 2376 XVII
2096 2342 2225 2375 ann.
2242 2324 2528 2395 provecti,
2544 2324 2651 2375 La-

1648 2404 1802 2456 ribus
1823 2404 2148 2481 querebant.
2166 2434 2239 2443 —
2258 2404 2523 2453 &eductis
2540 2408 2649 2453 La·

1649 2486 1797 2535 ribus.
1842 2486 2005 2537 Lares
2044 2486 2281 2559 ”accincti
2322 2480 2594 2535 dicuntur
2626 2520 2646 2548 ,

1650 2568 1873 2632 εὔζωνοι,
1900 2566 2032 2638 quia
2056 2566 2254 2617 habitu
2282 2564 2649 2635 peregrinan-

1648 2646 1791 2697 tium
1817 2658 1971 2697 erant
1998 2644 2237 2717 pellibus
2262 2643 2443 2695 amicti
2462 2680 2479 2707 ‚
2506 2662 2649 2695 cum

1648 2744 1779 2779 cane
1810 2726 2035 2779 comite.
2070 2726 2201 2777 Vct.
2236 2723 2415 2777 schol.
2446 2748 2471 2770 ι
2492 2724 2648 2788 Quia

1652 2830 1675 2853 ι
1695 2806 1889 2859 habitu
1926 2805 2178 2868 Gabino,
2206 2805 2509 2875 cinctuque
2552 2804 2649 2855 Dii

1650 2912 1673 2935 ι
1696 2886 1923 2939 Penates
1946 2885 2325 2938 formabantur
2340 2920 2359 2947 ,
2386 2884 2649 2937 obvoluti

1648 2990 1671 3014 ι
1692 2970 1814 3039 toga
1833 2984 1999 3038 super
2013 2966 2311 3017 humerum
2328 2964 2646 3028 sinistrum,

1652 3076 1675 3097 ι
1698 3048 1894 3101 dextro
1914 3046 2090 3099 nudo.
2108 3071 2131 3092 ι
2164 3047 2231 3097 Δ.

1722 3144 1811 3196 32.
1847 3147 1965 3194 Ciam
2007 3145 2182 3194 blande·
2208 3142 2451 3213 comitem]
2495 3140 2649 3193 Ct'rm

1647 3242 1751 3295 pro
1770 3223 2067 3295 paedagogo
2086 3261 2103 3287 ‚
2126 3222 2328 3275 comite
2349 3222 2565 3292 ingrato
2592 3234 2647 3274 et

1648 3306 1848 3371 invis0‚
1872 3306 2103 3358 fuerunt
2123 3304 2260 3357 mihi
2278 3307 2475 3355 comites
2497 3306 2645 3353 blan-

1648 3391 1733 3448 di,
1763 3386 1822 3439 id
1858 3399 1969 3451 est,
1998 3398 2347 3439 assentatores
2390 3394 2445 3436 et
2484 3402 2647 3455 para-

1648 3467 1769 3532 siti,
1795 3468 1891 3540 qui
1919 3470 2195 3539 juvenum
2220 3466 2384 3518 latera
2420 3464 2645 3535 cingere

1648 3550 1844 3603 solent.
1856 3576 1927 3590 α-
1942 3549 2161 3615 Totaque
2181 3550 2378 3614 impune
2396 3545 2641 3605 Subur-ra,

1648 3646 1737 3681 etc.
1762 3630 1907 3682 Gum
1934 3632 2048 3701 jam
2081 3640 2299 3699 sumpta
2316 3626 2495 3681 virilis
2516 3638 2645 3697 toga

1647 3708 1872 3763 dederat
1888 3709 2027 3761 mihi
2039 3718 2366 3780 potestatem
2380 3744 2396 3767 ,
2414 3706 2643 3759 nemine

1644 3789 1938 3862 paedagogo
1976 3790 2343 3861 prohibente,
2378 3787 2559 3839 amori
2600 3786 2646 3837 si

1644 3872 1783 3923 mihi
1819 3872 2069 3924 libuisset
2104 3866 2467 3941 indulgendi3
2499 3881 2555 3920 et
2582 3868 2644 3919 in

1645 3952 1768 4005 vico
1818 3956 2051 4002 Suburroe
2099 3950 2350 4003 Lesbiam
2396 3948 2643 4021 aliquam

1644 4032 1733 4089 vel
1754 4031 1979 4087 Laidem
1998 4028 2300 4103 quaerendi.
2312 4060 2387 4071 -
2400 4027 2644 4088 Subur-rb,
