2775 4619
805 425 1231 496 ..SATIRA
1288 426 1453 496 111.

2098 458 2183 524 77

173 550 338 616 Neu
369 553 534 640 quis
577 551 885 618 callidior
918 553 1170 618 buxum
1207 530 1515 643 torquere
1550 553 1822 646 flagello.

178 667 398 732 Haud
420 669 559 734 tibi
586 669 1004 758 inexpertum
1031 693 1264 735 curvos
1291 667 1697 760 deprendere
1720 693 1933 738 mores
1954 721 1973 754 ,

173 782 493 872 Quaeque
525 783 720 862 docet
748 785 1008 874 sapiens
1021 833 1040 866 ,
1064 786 1381 850 braccatis
1407 787 1571 850 illita
1596 785 1807 852 Medis

178 893 510 980 Porticus
531 948 550 982 ,
573 899 890 964 insomnis
915 897 1158 988 quibus
1186 915 1250 964 et
1277 898 1545 965 detonsa
1563 901 1865 987 juventus

179 1011 518 1103 Invigilat
535 1061 554 1095 ‚
585 1012 836 1101 siliquis
859 1029 924 1080 et
945 1012 1175 1102 grandi
1199 1030 1378 1102 pasta
1401 1008 1708 1102 polenta}
2112 1021 2179 1096 55

109 1217 186 1268 De
207 1216 326 1268 hoc
354 1213 487 1268 ludi
511 1233 712 1284 genere
735 1213 862 1268 vide
890 1226 1116 1286 quoque

107 1295 406 1349 Pollucem
421 1333 440 1360 ‚
458 1297 560 1348 lib.
583 1297 665 1348 IX
679 1333 696 1360 ,
715 1313 829 1367 cap.
849 1315 904 1366 7,
927 1313 1116 1368 quam-

115 1375 238 1428 dam
263 1377 388 1430 haec
407 1377 562 1428 lusio
588 1374 1006 1428 similitudinem
1027 1375 1118 1426 ha·

112 1457 240 1508 bere
250 1456 490 1511 videtur
503 1475 634 1509 cum
647 1456 756 1518 illa,
765 1473 929 1527 quam
943 1455 1117 1507 nostri

116 1535 315 1590 dicunt
328 1534 614 1604 Yafossetcffi
632 1555 742 1608 qua
758 1535 974 1589 luditur
991 1553 1118 1587 cum

121 1612 392 1686 glolmlis{
411 1633 512 1668 seu
533 1617 764 1668 nucleis.
790 1617 854 1668 A.

191 1695 222 1749 5
233 1713 256 1747 1
268 1735 281 1747 .
301 1699 418 1746 Neu
441 1699 554 1762 quis
569 1699 802 1746 callidior
817 1699 1004 1745 buxum
1021 1708 1120 1744 tor-

126 1775 747 1844 quere.}Turb0,G1-aecis
759 1774 968 1846 βέμῧηξ,
979 1775 1120 1828 Gall.

127 1860 170 1905 le
186 1860 349 1916 sabat,
363 1855 514 1908 lusio
528 1854 629 1906 alia
644 1853 872 1925 puerilis
885 1855 1010 1907 satis
1025 1871 1122 1904 no·

131 1950 215 1990 ta:
245 1935 360 1991 vid.
390 1931 553 2007 Vix-g«
585 1938 716 1986 Aen.
737 1935 884 1999 VII,
909 1954 962 1988 v.
997 1933 1118 2003 379.

197 2017 286 2069 52.
323 2019 492 2068 Haud
513 2019 605 2066 tibi
637 2017 977 2082 inexpertum]
1003 2013 1120 2085 Ego

131 2097 280 2167 puer‘
297 2108 357 2149 et
396 2096 544 2148 aetati
581 2091 719 2146 mea*
749 2106 803 2146 et
830 2094 1122 2165 proposito

135 2196 246 2230 meo
256 2215 272 2240 ,
287 2177 394 2230 etsi
412 2177 558 2229 malo
571 2215 585 2240 ,
599 2175 990 2230 convenienter
1006 2192 1124 2244 age-

132 2257 284 2313 bam:
312 2270 378 2311 tn
407 2275 544 2315 vero
562 2295 578 2322 ,
605 2252 706 2330 qul
729 2275 830 2311 nec
851 2258 960 2328 jam
983 2273 1124 2327 puer

136 2358 212 2401 es,
228 2340 448 2411 quique
471 2358 531 2391 es
554 2338 802 2391 imbutus
819 2335 1126 2389 stoicorum

137 2420 422 2491 praeceptis
464 2418 666 2471 divinis
683 2457 699 2484 ,
733 2416 1128 2489 ignorationem

141 2513 280 2553 certe
305 2500 448 2552 recti
478 2511 778 2570 praetexere
805 2516 921 2551 non
949 2510 1124 2569 potes.

142 2607 206 2619 —-
221 2580 411 2631 curvos
431 2581 731 2645 deprendere
757 2598 932 2631 mores.
955 2577 1130 2631 Curvi

143 2657 408 2711 dicuntur
453 2676 634 2709 mores
655 2696 671 2722 ,
715 2658 814 2730 qui
854 2656 925 2709 ad
969 2670 1129 2709 rectae

144 2738 366 2791 rationis
379 2738 661 2789 obrussam
675 2754 786 2789 non
800 2749 930 2789 sunt
943 2736 1130 2788 exacti.

149 2820 352 2873 Contra
363 2820 736 2890 κατορθώματα
757 2818 964 2882 stoicis,
983 2830 1130 2870 recte

147 2898 298 2951 facta.
327 2897 419 2951 Sic
446 2896 602 2967 apud
626 2895 885 2949 Senecam
907 2908 962 2947 et
984 2894 1128 2947 Plin.

147 2998 290 3029 curva
333 2978 610 3047 corrigere
642 3013 658 3041 ,
697 2994 802 3047 pro
849 2992 1130 3029 censorem

149 3077 324 3130 agere.
350 3057 415 3109 C.
613 3064 620 3068 ’

221 3139 249 3191 5
257 3138 304 3190 3.
317 3139 632 3189 Braccatis....
645 3138 839 3207 Media]
855 3144 1136 3200 Bne-catus,

156 3238 184 3271 a
203 3218 396 3271 bracca
411 3255 430 3281 ,
449 3236 646 3289 genere
667 3218 836 3271 vestis
849 3254 866 3279 ‚
892 3220 1002 3289 qua
1023 3230 1138 3269 ute-

153 3298 352 3351 bantur
370 3296 538 3361 Gaui,
554 3296 787 3368 Scytha,
808 3296 982 3359 Medi,
1005 3295 1144 3347 aliae-

159 3398 263 3449 que
304 3378 547 3431 barbarae
582 3390 791 3450 gentes.
807 3406 880 3419 --
897 3381 1138 3429 Porticus.

158 3457 252 3511 Illa
296 3460 551 3529 porticus
594 3456 822 3511 Athenis
877 3469 992 3509 erat
1027 3494 1043 3521 ,
1089 3468 1143 3508 et

159 3540 252 3601 ςοὰ
279 3540 614 3605 vocabatur3
646 3537 798 3591 unde
833 3537 1002 3591 Stoici
1037 3554 1140 3589 no·

163 3618 366 3679 minati.
421 3618 500 3669 Ea
565 3634 792 3689 quoque
857 3614 1143 3669 dicebatur

1194 1218 1389 1274 ποικίλη
1411 1205 1433 1275 ζ
1468 1217 1541 1270 ob
1580 1218 1809 1288 picturae
1842 1219 2176 1274 varietatem.

1196 1295 1264 1348 In
1292 1296 1589 1367 parietibus
1602 1297 1764 1349 ‘enim
1792 1298 1943 1350 illius
1972 1298 2181 1371 depicti

1197 1389 1350 1428 erant
1375 1376 1551 1430 Persoe
1578 1390 1633 1430 et
1661 1376 1813 1430 Medi
1842 1397 1973 1431 cum
1994 1381 2181 1434 Xerxe

1197 1467 1253 1508 et
1281 1455 1447 1507 Dario
1479 1455 1697 1527 regibus
1733 1459 1973 1527 superati
2000 1477 2030 1510 a
2054 1459 2183 1512 Mil-

1196 1533 1376 1600 tiade,
1406 1533 1647 1587 Leonida
1696 1549 1750 1589 et
1790 1535 2178 1592 Themistocle.

1198 1613 1326 1667 vid.
1345 1615 1649 1680 Latii-tium,
1674 1629 1729 1670 et
1754 1615 1905 1670 alios.
1938 1617 2001 1670 P.

1273 1696 1360 1760 54.
1404 1700 1645 1748 Insomm's
1684 1701 1903 1768 quibus]
1930 1697 2071 1764 Scis,
2098 1699 2183 1751 in·

1202 1777 1357 1849 quit,
1385 1776 1477 1830 illa
1512 1795 1631 1849 quae
1668 1777 1939 1838 docentur
1966 1781 2027 1832 in
2054 1779 2186 1850 por·'

1199 1858 1314 1909 ticu
1335 1894 1350 1919 ,
1383 1869 1439 1909 et
1482 1860 1658 1924 quibus
1686 1861 1917 1926 juventus
1956 1862 2185 1912 insomnis

1200 1939 1434 2005 invigilat.
1453 1937 1651 1990 Aliter:
1678 1955 1897 2009 operam
1913 1942 2023 2010 jam
2042 1939 2188 1992 mul·-

1200 2019 1378 2070 tamin
1393 2017 1575 2071 studio
1590 2018 1943 2090 philosophia
1954 2009 2189 2092 posuisti

1203 2097 1304 2149 sub
1325 2098 1497 2149 stoico
1514 2098 1768 2168 magistro
1784 2135 1801 2162 ‚
1828 2099 2186 2171 imbutusque

1195 2195 1260 2238 „es
1296 2179 1411 2248 ejus
1437 2174 1742 2248 disciplina.
1774 2177 2007 2254 Duabus⁸
2037 2179 2185 2231 notis

1201 2259 1292 2312 hic
1312 2257 1603 2330 distinguit
1618 2259 1759 2311 hanc
1776 2249 2035 2317 &amm-0³12
2060 2262 2187 2331 ἄγω·

1203 2340 1292 2410 γὴν
1318 2339 1512 2392 scholae
1534 2340 1713 2393 stoice
1728 2376 1744 2402 ,
1770 2340 1885 2393 scil.
1906 2339 2189 2412 diligentia

1206 2418 1264 2470 in
1305 2417 1500 2471 studiis
1522 2456 1537 2483 ,
1580 2433 1638 2472 et
1680 2420 1939 2473 tenuitate
1980 2420 2185 2473 cultt‘is.

1207 2502 1529 2549 —Detonsa.
1572 2491 1687 2563 ani
1724 2498 2022 2570 disciplina
2061 2500 2191 2552 stoi-

1201 2594 1403 2653 ‘corum
1432 2595 1489 2629 se
1518 2575 1718 2630 dabant
1734 2617 1751 2644 ,
1776 2578 2027 2631 habitum
2052 2597 2190 2649 quo-

1211 2657 1679 2732 que'assumebant
1698 2660 1847 2709 sectle
1868 2658 2193 2711 convenien-

1209 2750 1338 2790 tem.
1379 2737 1505 2791 Non
1556 2737 1767 2791 alebant
1810 2756 2019 2791 comam
2042 2775 2058 2801 ,
2096 2736 2193 2790 sed

1209 2816 1441 2869 strictim
1463 2814 1761 2870 tondebant
1780 2854 1796 2881 ,
1825 2817 1975 2869 unde
1997 2819 2087 2870 hic
2106 2822 2193 2867 de-

1209 2912 1350 2949 tonsa
1367 2900 1628 2965 juventu-u
1650 2916 1760 2967 pro
1777 2898 1981 2961 stratis,
2004 2898 2191 2969 graba-

1210 2976 1393 3029 tulum
1420 2988 1473 3028 et
1499 2975 1700 3047 pellem
1735 2976 2037 3042 habebant3
2067 2988 2194 3029 ante

1213 3058 1474 3109 lucanum
1529 3066 1746 3127 tempus
1799 3057 2149 3129 invigilabant
2178 3095 2195 3124 ,

1215 3136 1457 3207 ideoque
1480 3138 1710 3187 insomnis
1736 3136 1961 3189 dicitur.
1992 3138 2053 3191 C.

1291 3215 1376 3268 55.
1418 3219 1616 3282 Siliquis
1646 3231 1697 3267 et
1724 3221 1914 3285 grandi
1930 3232 2081 3285 pasca
2101 3238 2209 3285 po·-

1221 3296 1399 3363 lentd]
1417 3296 1533 3348 Alia
1551 3310 1681 3349 nota
1698 3289 1959 3361 mmm-72<
1982 3301 2198 3371 ἀγωγῆς,

1220 3377 1395 3431 victus
1422 3377 1632 3428 tenuis:
1663 3388 1794 3447 puta
1811 3414 1828 3440 ‚
1850 3381 2081 3443 polenta,
2102 3394 2197 3448 pa-

1221 3455 1306 3507 nis
1327 3452 1599 3507 secundus
1618 3494 1634 3521 ,
1666 3468 1718 3507 et
1742 3456 1951 3526 siliquae
1971 3456 2200 3527 legumi-

1221 3550 1352 3587 num
1370 3571 1386 3598 ,
1410 3552 1531 3607 qua
1548 3549 1679 3586 sunt
1696 3536 1909 3606 pecoris
1926 3532 2201 3586 immundi

1220 3616 1408 3687 potius
1432 3620 1596 3686 quam
1613 3616 1923 3669 hominum.
1948 3614 2203 3667 Horatius

230 3800 290 3857 Y.
317 3797 400 3855 54.
419 3797 486 3845 Ec
502 3796 721 3843 detonsa.
745 3794 874 3844 Cod.
905 3804 1078 3843 noster
1103 3804 1152 3843 et
1177 3794 1292 3841 edit.
1315 3794 1523 3853 Aldina,
1545 3792 1816 3842 indecorem.
1840 3796 1917 3840 Ita
1940 3803 1988 3839 et
2005 3792 2199 3840 Britan-

169 3876 260 3923 nici
289 3873 444 3925 codd.
482 3882 534 3922 et
571 3874 962 3937 interpretantur
987 3868 1292 3919 z'indeconsa
1307 3906 1323 3929 ,
1345 3872 1383 3919 i.
1422 3888 1533 3919 non
1568 3882 1713 3920 tonsa
1732 3906 1747 3932 ,
1777 3886 1917 3918 more
1952 3882 2205 3931 veterum,

170 3958 269 4007 scil.
305 3956 568 4023 negligens
603 3955 733 4003 circa
759 3954 954 4004 cultum
992 3954 1232 4017 corporis.
1267 3952 1387 4001 Non
1419 3954 1545 4001 male
1580 3963 1710 4001 certe
1730 3988 1747 4011 ,
1776 3963 1827 4001 et
1854 3952 1980 4002 forte
2006 3952 2205 4003 melin&

231 4064 294 4117 JV.
330 4064 418 4112 55.
447 4065 615 4113 Pasta-
641 4060 764 4113 eod.
789 4058 1024 4127 Fauqhen
1049 4060 1184 4123 8⁰70
1200 4092 1214 4119 ‚
1229 4070 1386 4125 parta
1404 4076 1421 4109 .·
1448 4058 1586 4107 maie.
