2775 4619
853 405 1041 471 SAT
1063 404 1248 470 IRA
1312 402 1393 465 V.

2029 422 2150 489 127

194 536 428 600 Nescio
447 530 626 622 quod
651 530 848 619 (certe
867 530 1008 621 est),
1033 528 1214 619 quod
1239 549 1344 593 me
1366 526 1493 591 tibi
1515 538 1833 615 temperat
1848 570 1867 606 ,
1882 538 2147 589 astrum.

192 650 374 715 Mille
397 648 746 713 hominum
769 647 1016 735 species
1036 694 1057 727 ,
1084 661 1150 709 et
1177 666 1401 714 rerum
1428 640 1717 713 discolor
1741 661 1931 707 usus:

194 766 378 830 Velle
405 788 599 829 suum
627 763 862 851 cuique
888 776 985 827 est
999 809 1018 843 ,
1047 782 1168 827 nec
1193 775 1352 825 voto
1375 757 1617 823 vivitur
1641 778 1798 821 uno.

191 878 518 945 Mercibus
543 876 652 943 hic
680 876 860 943 Italis
889 892 1097 943 mutat
1125 875 1250 941 sub
1277 874 1412 939 sole
1439 871 1685 937 recenti

169 1075 226 1120 Et
242 1088 377 1137 grave
399 1072 590 1120 Saturni
610 1070 740 1119 sidu·
768 1070 821 1117 in
843 1084 984 1119 omne
1009 1085 1085 1117 ca-

227 1154 326 1206 put.
901 1146 957 1189 P.

118 1233 362 1281 —Nostro
387 1234 517 1281 Jove.
540 1228 611 1281 Id
635 1240 714 1281 est
730 1265 747 1292 ,
768 1226 930 1279 uobis
953 1244 1086 1297 pro-

117 1308 264 1380 pitio.
286 1309 441 1363 Jovis
460 1320 645 1361 autem
673 1304 822 1359 sidus
847 1305 1088 1359 amicum

121 1390 184 1440 ob
196 1408 342 1442 suam
359 1387 862 1461 temperiem.·Plin.
882 1386 980 1440 lib.
1005 1387 1086 1450 11,

119 1487 226 1541 cap.
255 1471 307 1521 8.
336 1471 513 1521 Martis
537 1470 718 1520 ardore
739 1469 890 1518 nimio
909 1504 926 1527 ‚
950 1481 1001 1517 et
1018 1469 1088 1517 ri-

115 1570 219 1619 gore
235 1554 445 1621 ‘Saturni
457 1588 474 1611 ,
501 1552 808 1617 interjectum
824 1551 1060 1599 ambobus
1065 1585 1084 1609 ‚

120 1651 177 1683 ez
197 1647 398 1699 utroque
427 1634 695 1699 temperari
716 1633 878 1681 Iovem
899 1632 1088 1680 saluca·

121 1731 304 1778 remque
322 1714 470 1783 fieri.
486 1713 888 1779 —Frangimus.
925 1709 1088 1761 Beni·

121 1810 240 1861 gnus
263 1791 410 1847 enim
436 1791 590 1846 Jovis
616 1802 866 1862 aspectus
891 1790 1088 1845 avertit

121 1884 168 1923 et
186 1870 404 1925 discutit
426 1870 817 1942 malignitatem
840 1870 1083 1924 Saturni.

123 1950 370 2005 Firmicus
391 1952 469 2005 ait
483 1991 500 2017 ‚
524 1971 664 2023 saepe
687 1952 983 2005 Saturnum
1005 1972 1089 2004 ra·

121 2030 442 2086 diationibus
481 2034 515 2085 J
519 2032 634 2087 ovis
679 2032 1000 2103 temperari,
1035 2044 1090 2085 et

121 2113 331 2167 Ptolem.
357 2115 642 2168 Tetrabih.
667 2115 767 2168 IV.
800 2118 978 2186 Κρόνος
1003 2114 1086 2169 καὶ

121 2183 246 2255 Ἡλιος
287 2197 571 2256 ἐπελθόντες
608 2197 710 2256 τοῖς
751 2196 966 2253 ἀλλήλων
1006 2198 1087 2249 τό·

119 2293 214 2338 ποις
241 2281 435 2330 ποιοῦσι
464 2276 620 2347 φιλίας
658 2270 748 2330 διὰ
782 2276 1085 2340 συντάξεως,

119 2355 383 2428 ἢγεωργὶας
399 2394 418 2416 ,
436 2357 470 2415 ἢ
493 2358 830 2428 κληρονομίας.
845 2357 1092 2422 Frangere

120 2445 284 2504 autem
304 2448 359 2487 et
386 2450 662 2500 temperare
679 2433 844 2486 verba
863 2434 1090 2486 astrolo-

120 2513 188 2582 gis
207 2515 551 2568 usitatissima
565 2552 584 2580 ‚
605 2516 735 2566 cum
767 2513 984 2566 sinister
1011 2514 1090 2566 af-

119 2593 276 2648 fectus
319 2597 492 2650 unius
547 2591 740 2649 sideris
787 2593 1094 2666 impeditur

121 2677 372 2730 contraria
394 2677 452 2730 vi
475 2675 716 2730 alterius.
737 2673 801 2729 C.
829 2688 884 2728 et
906 2675 968 2727 P.

183 2763 240 2814 51
253 2802 264 2815 .
285 2767 461 2816 Nescio
483 2765 656 2833 quod(
670 2778 799 2814 certe
816 2764 918 2832 est)
931 2801 950 2823 ‚
975 2762 1086 2832 ecc-,J

120 2841 212 2894 Vel
249 2844 364 2896 hac
405 2844 596 2915 signa,
627 2843 852 2914 inquit,
885 2855 1094 2895 tantam

122 2920 366 2976 internos
381 2917 680 2976 a'micitiam
695 2921 1058 2976 conciliarunt
1071 2959 1092 2986 ‚

119 3002 198 3054 vel
223 3016 366 3058 certe
394 3001 624 3076 aliquod
653 3001 1095 3069 aliud.—-Tempe·

122 3096 209 3135 rat.
228 3084 444 3151 Miscet,
459 3088 708 3157 συγκιρνᾷ,
733 3089 994 3156 συγκολλᾷ.
1024 3085 1088 3140 C.

126 3185 144 3205 α
159 3167 404 3218 —Nescio
430 3169 598 3232 quod,
615 3180 707 3216 ecc.
728 3164 977 3218 Alterum
999 3163 1094 3218 dat

125 3267 144 3286 ·
164 3262 372 3300 sensum
381 3247 550 3300 altera
561 3247 954 3317 interpunctio.
965 3248 1095 3300 Poe-

126 3345 145 3366 «
169 3335 230 3376 tm
255 3344 444 3382 sensus
471 3341 588 3384 est:
616 3328 802 3380 nescio
834 3321 985 3398 quod
1012 3346 1096 3379 as-

127 3425 145 3446 ·
165 3416 304 3458 trum
315 3409 557 3478 (certum
569 3422 648 3461 est
663 3407 816 3480 quod
828 3407 996 3477 dico),
1005 3407 1100 3462 sed

123 3505 144 3528 ⁸
165 3498 240 3538 est
254 3501 463 3542 astrum
479 3487 632 3560 quod
642 3526 661 3550 ,
684 3500 784 3542 etc.
798 3511 821 3534 ι
837 3492 930 3555 Eq.
947 3490 1096 3555 Croft.

184 3565 260 3618 52.
289 3572 429 3622 Mille
447 3570 700 3620 hominum
715 3570 936 3640 species]
961 3567 1100 3622 Hac.-

62 3707 65 3722 .
123 3655 263 3700 tenus
292 3647 362 3704 de
396 3651 634 3704 Cornuti
669 3651 880 3704 meritis
912 3652 970 3704 in
1007 3670 1096 3716 se,

122 3740 173 3774 ac
203 3724 269 3778 de
301 3747 406 3782 suo
443 3730 504 3781 in
539 3730 862 3784 Cornutum
893 3731 1101 3786 affectu

1163 1068 1272 1141 egit
1291 1087 1309 1135 ς
1335 1084 1489 1121 nunc
1508 1084 1539 1119 a
1558 1064 1907 1121 dissimilium
1920 1067 2007 1123 vel
2026 1083 2153 1121 con-

1162 1149 1459 1203 trariorum
1475 1148 1881 1219 comparatione
1894 1148 2155 1203 laudatio-

1163 1248 1296 1283 nem
1315 1230 1435 1299 ejus
1464 1228 1723 1281 instituit.
1748 1229 2155 1319 Commemorat

1165 1310 1310 1364 varia
1332 1310 1625 1363 hominum
1654 1307 1835 1363 studia
1853 1346 1871 1372 ,
1893 1329 2015 1381 quae
2036 1327 2153 1362 om-

1166 1391 1258 1445 nia
1272 1392 1358 1446 vel
1373 1390 1445 1445 ad
1462 1391 1761 1455 avaritiam,
1775 1390 1861 1446 vel
1874 1389 1945 1443 ad
1960 1391 2156 1462 volup-

1167 1486 1336 1527 tatem
1369 1484 1645 1543 spectant,
1676 1485 1741 1525 ut
1774 1470 2010 1525 Cornuti
2038 1472 2155 1525 laus

1167 1566 1389 1619 crescat,
1406 1556 1498 1607 cui
1518 1554 1744 1607 unicum
1765 1566 1881 1606 erat
1893 1554 2015 1605 vitai
2032 1573 2156 1625 pro-

1167 1635 1410 1707 positum
1440 1634 1817 1707 philosophari
1851 1652 1979 1686 cum
2016 1634 2117 1686 sibi
2138 1670 2157 1697 ‚

1169 1730 1290 1768 tum
1317 1716 1435 1768 aliis
1452 1753 1467 1778 ,
1492 1728 1549 1768 et
1579 1717 1927 1786 juventutem
1953 1715 2154 1767 Roma-

1167 1816 1294 1851 nam
1307 1796 1376 1849 ad
1396 1795 1646 1849 studium
1664 1794 1936 1866 sapientia
1956 1807 2011 1847 et
2030 1794 2157 1847 stoi·-

1168 1896 1244 1931 coe
1266 1876 1568 1948 disciplinae
1600 1874 1967 1947 cognitionem
1997 1875 2155 1926 insti-

1168 1962 1557 2012 tuere.--²Mi11e
1574 1960 1825 2007 hominum
1842 1958 2043 2022 species.
2062 1953 2154 2006 Sic

1167 2040 1359 2093 Horat.
1393 2040 1486 2091 lib.
1514 2040 1603 2102 11,
1626 2050 1725 2091 sat.
1758 2056 1781 2091 1
1805 2056 1819 2088 ε

1165 2123 1330 2169 Castor
1347 2118 1521 2183 gaudet
1538 2119 1669 2179 equis
1683 2152 1697 2175 ‚
1718 2127 1807 2165 etc.
1832 2118 1883 2165 C.
1909 2125 1955 2163 et
1976 2118 2034 2162 P.

1168 2197 1372 2252 Eadem
1396 2199 1508 2250 sere
1526 2195 1673 2249 idem
1692 2194 1977 2267 expressit,
1994 2194 2089 2246 lib.
2104 2194 2157 2258 1,

1170 2278 1266 2334 od.
1297 2298 1319 2333 1
1344 2298 1358 2332 ε
1391 2285 1515 2332 Sunt
1534 2297 1655 2346 quos
1672 2278 1917 2329 curriculo
1932 2313 1948 2336 ,
1974 2288 2071 2327 etc.

1243 2362 1332 2417 53.
1365 2365 1499 2414 Velle
1522 2381 1663 2413 suum
1692 2362 1917 2428 cuique]
1942 2359 2049 2412 Pro
2070 2357 2157 2410 di·

1168 2443 1423 2499 versitate
1434 2438 2161 2512 animorumacjudiciorum

1169 2525 1306 2577 alius
1333 2525 1491 2577 aliam
1523 2537 1696 2577 artem
1724 2536 1781 2576 et
1814 2519 2157 2575 exercitatio-

1169 2623 1300 2657 nem
1321 2618 1572 2658 sectatur.
1595 2601 1899 2655 Cassiodor.
1924 2605 2054 2666 Quot
2070 2602 2161 2650 ho-

1171 2688 1324 2736 mines
1334 2722 1353 2745 ,
1389 2699 1462 2736 tot
1492 2686 1774 2743 sententia,
1806 2696 1860 2732 ee
1896 2683 2161 2758 unicuique

1172 2786 1274 2817 mos
1309 2784 1425 2816 sum
1458 2779 1547 2816 est.
1572 2793 1647 2804 —-
1666 2766 1771 2814 Nec
1808 2775 1931 2813 moto
1969 2762 2159 2811 vivitur

1173 2865 1290 2896 uno.
1335 2843 1583 2897 Lucilius
1608 2862 1622 2894 ε
1654 2844 1802 2912 Quot(
1830 2843 1923 2892 ciba·
1950 2857 2161 2907 magno-

1163 2946 1288 2995 pere
1329 2929 1474 2976 eordi
1514 2939 1588 2975 est
1608 2961 1629 2984 ,
1668 2924 1794 2973 mihi
1840 2922 2161 2972 vehementer

1172 3009 1407 3074 displicet.
1431 3005 1491 3057 P.

1245 3088 1330 3151 54.
1338 3089 1583 3137 Mercibus
1594 3086 1677 3134 laio
1694 3083 1853 3144 Italis,
1866 3083 1977 3149 eta]
1986 3079 2160 3143 Aliae,

1172 3167 1389 3238 inquit,
1419 3164 1601 3221 studio
1644 3176 1965 3218 mercatura
1999 3161 2162 3214 duci-

1172 3261 1280 3301 tur.
1297 3246 1401 3300 Hic
1425 3265 1621 3301 eorum
1643 3243 1921 3306 meminit,
1946 3242 2041 3314 qui
2064 3259 2162 3296 ex·
2230 3307 2234 3311 ¹

1174 3327 1457 3400 portandis
1478 3324 1751 3397 indigenis
1779 3323 2055 3378 mercibus
2070 3361 2086 3387 ,
2107 3333 2169 3374 et

1179 3408 1411 3462 exoticis
1470 3403 1836 3480 importandis
1893 3414 2165 3476 quaestum

1178 3489 1652 3543 faciunt.--Mueat.
1666 3488 1805 3540 Ante
1828 3502 1991 3538 usum
2010 3481 2130 3536 teris
2144 3517 2164 3546 ‚

1177 3589 1278 3642 per
1301 3587 1488 3623 rerum
1510 3568 1997 3622 commutationem
2018 3581 2163 3616 mer·-

1181 3663 1368 3704 catura
1394 3649 1579 3704 fiebat.
1607 3651 1773 3702 Recte
1798 3646 1965 3717 igitur
1984 3657 2162 3695 mutat.

1178 3732 1447 3785 Praeterea
1498 3729 1838 3784 maritimum
1892 3742 2164 3778 commer·
2252 3754 2257 3764 ι

183 3897 243 3942 V.
263 3898 349 3946 51.
372 3899 547 3948 Nescio
566 3901 760 3964 quode.
778 3919 828 3951 e.
862 3903 1002 3966 quod
1013 3920 1092 3952 me
1111 3915 1152 3952 t.
1175 3915 1210 3952 c.
1230 3915 1322 3953 ase.
1343 3903 1470 3954 eod.
1490 3912 1661 3951 noster
1676 3935 1691 3960 ,
1713 3910 1764 3948 et
1786 3898 1901 3947 cod.
1922 3893 1982 3946 κιο
2006 3899 2101 3958 827
2112 3897 2163 3958 3,

124 3985 167 4021 et
188 3977 285 4026 duo
309 3981 426 4042 alii,
453 3999 580 4030 nese.
614 3983 743 4047 quid
769 4001 852 4033 e.e.
883 3983 1022 4050 quod
1054 4001 1132 4036 me
1168 3984 1286 4044 tibi,
1317 3997 1409 4036 etc.
1440 3986 1645 4034 Praestat
1674 3983 1815 4047 prior
1844 3981 2009 4030 lectio.
2042 3979 2169 4031 eod.

124 4055 404 4112 Thmeus:
431 4063 573 4128 quod
594 4075 642 4112 ee
665 4063 800 4113 milen:
