2775 4619
591 347 726 442 '252
963 373 1034 436 c.
1090 369 1493 437 LUCILII
1541 369 2191 442 FRAGMENTA·

673 496 988 556 Consumis
1017 496 1230 574 squilla
1246 541 1265 568 ‚
1289 508 1468 572 atque
1494 495 1825 574 acipensere
1854 517 1994 554 cum
2021 498 2361 558 decumano.

669 592 876 654 Laeliu’
899 592 1176 672 praeclare
1198 604 1256 650 et
1278 605 1436 650 recte
1464 592 1684 671 sophos
1701 635 1718 665 ,
1744 593 1965 672 illaque
1984 614 2138 653 vere.

1552 693 1583 746 1
1603 692 1651 748 1.

670 787 852 862 Quod
878 798 1182 867 sumptum
1206 799 1383 866 atque
1412 787 1617 866 epulas
1642 787 1804 846 victu
1830 789 2125 867 praeponis
2144 787 2407 849 honesto.

1536 888 1565 942 1
1584 887 1613 942 1
1632 886 1678 942 1.

672 985 824 1043 Nam
849 980 995 1060 quid
1025 981 1256 1040 mutino
1284 981 1677 1060 subrectoque
1704 981 1845 1040 huic
1872 985 2014 1060 opu’
2042 983 2208 1063 signo
2224 983 2253 1040 ἶ

625 1131 636 1144 s
671 1081 754 1140 Ut
781 1079 1110 1136 lurcaretur
1135 1078 1370 1137 lardum
1385 1121 1403 1150 ‚
1432 1091 1492 1137 et
1520 1070 1779 1138 &maria
1801 1078 2010 1138 furtim

669 1181 884 1236 Parum
914 1177 1244 1236 conficeret.
1496 1234 1501 1243 ,
1580 1189 1585 1194 ·

1548 1275 1578 1329 Ι
1591 1276 1664 1331 V.

669 1370 914 1450 Fingere
937 1372 1213 1449 praeterea
1241 1369 1455 1430 adferri
1481 1369 1648 1448 quod
1672 1369 1925 1448 quisque
1951 1369 2202 1428 volebat.

670 1468 854 1528 Illum
879 1471 1109 1528 sumina
1138 1469 1435 1527 ducebant
1452 1511 1468 1538 ‚
1494 1479 1669 1545 atque
1696 1467 1951 1532 altilium
1976 1467 2113 1526 lanx
2126 1510 2145 1538 ‚

667 1568 843 1627 Hunc
869 1579 1079 1646 pontes
1110 1565 1407 1624 Tiberinu'
1432 1564 1555 1624 duo
1582 1566 1735 1623 inter
1763 1566 1955 1643 captu'
1984 1565 2204 1624 catillo.

1570 1664 1647 1720 V.

669 1761 769 1820 Illi
798 1761 1038 1840 praeeiso
1051 1803 1068 1832 ,
1095 1772 1273 1840 atque
1306 1759 1501 1839 epulis
1537 1759 1851 1838 capiuntur
1876 1758 2107 1838 opimis.

1550 1860 1601 1914 V
1616 1859 1667 1914 Ι.

670 1957 954 2035 Thynnos
979 1926 1211 2035 eaptsto
1225 2001 1240 2023 ,
1269 1953 1585 2012 cordulum
1615 1953 1863 2012 exclude
1891 1974 1906 2009 ε
1940 1953 2195 2013 minores

669 2055 965 2116 Occidunt
984 2097 1000 2126 ‚
1032 2057 1196 2131 Lupe
1215 2097 1230 2124 ‚
1259 2052 1519 2130 saperdae
1545 2063 1603 2110 te
1624 2095 1641 2123 ‚
1674 2063 1733 2110 et
1756 2051 1889 2126 jura
1918 2049 2125 2122 siluri3

671 2155 894 2213 Sumen
919 2163 978 2210 te
994 2192 1012 2221 ‚
1037 2163 1216 2229 atque
1242 2145 1413 2207 amia.

1529 2249 1581 2304 V
1594 2247 1623 2302 Ῑ
1642 2247 1689 2302 Ῑ.

681 2385 1859 2408 ..............................
1894 2342 2116 2404 Vinum

639 2446 958 2509 ,Defusum
979 2442 1200 2521 quibus
1222 2462 1256 2499 e
1282 2439 1461 2520 pleno
1490 2442 1593 2499 fiet
1614 2440 1941 2519 oenophoro
1956 2483 1973 2512 ‚
2002 2441 2101 2500 cui

665 2544 764 2603 Nil
792 2541 1049 2620 dempsit
1069 2540 1164 2599 hir
1181 2582 1200 2612 ,
1229 2552 1290 2599 et
1315 2540 1415 2597 cui
1440 2537 1709 2597 sacculus
1738 2538 2045 2598 abstulerit
2070 2537 2179 2597 nil.

953 2690 956 2693 ,
1507 2639 1561 2695 V
1574 2638 1603 2693 1
1621 2639 1650 2692 I
1669 2638 1716 2694 Ῑ.

681 2774 1454 2796 ....................
1488 2733 1743 2811 Editque
1770 2732 2041 2815 bibitque

663 2831 937 2891 Jucunde
962 2843 1142 2909 atque
1167 2827 1368 2896 ἀδεῶςς
1391 2848 1501 2887 nec
1528 2829 1723 2887 solum
1750 2828 1848 2899 id,
1876 2828 1979 2887 sed
2005 2829 2156 2903 bene
2184 2845 2358 2892 cocto
2374 2874 2393 2905 ‚
2417 2846 2480 2893 et

663 2932 916 2991 Condito
945 2948 1214 2989 sermone
1239 2928 1437 2998 bono,
1462 2937 1557 2998 et,
1586 2926 1635 2983 si
1658 2926 1895 3004 quaeriss
1926 2925 2199 2987 libenter.

1460 3041 1467 3049 ἵ
1531 3026 1561 3081 1
1576 3026 1655 3081 X.

662 3123 854 3185 Vivite
882 3124 1156 3183 lurcones
1172 3165 1191 3195 ‚
1221 3122 1575 3182 comedones
1590 3164 1609 3193 ,
1636 3120 1813 3181 vivite
1838 3133 2088 3181 ventres.

655 3354 704 3387 n.
737 3339 800 3387 A.
840 3337 1061 3396 Gellius,
1089 3337 1177 3386 lib.
1217 3340 1308 3397 IV,
1335 3352 1443 3403 cap.
1486 3338 1565 3385 16.
1720 3338 1766 3387 5.
1792 3338 2021 3389 Nonius:
2041 3341 2304 3389 Proecisum
2330 3353 2383 3391 et
2404 3358 2597 3393 omasum

582 3417 809 3469 Lucilius
835 3419 892 3465 in
921 3416 1092 3465 dativo
1129 3432 1250 3465 casu
1275 3416 1419 3464 victu
1444 3416 1569 3464 dicit
1644 3430 1811 3484 partes
1836 3420 1999 3467 carnis
2024 3430 2075 3467 et
2096 3421 2360 3469 viscerum.

579 3516 688 3549 non
707 3498 884 3547 victui.
1358 3554 1374 3567 ς
1716 3502 1769 3550 6.
1797 3486 1959 3548 Varro
1976 3534 1991 3559 ‚
2015 3500 2077 3549 de
2108 3501 2248 3567 Ling.
2278 3505 2385 3551 Lat.
2414 3504 2497 3552 lib.
2516 3503 2596 3550 VI:

655 3582 702 3629 3.
725 3579 953 3631 Nonius:
976 3578 1192 3623 Lurcare
1215 3585 1288 3623 est
1311 3592 1430 3623 cum
1454 3576 1561 3623 avi-
1638 3580 1858 3629 Piscium
1874 3580 2080 3629 nomina
2100 3581 2595 3648 sunt,'eornmqnein

579 3660 732 3709 ditate
743 3660 918 3708 cibum
931 3655 1475 3716 sumere—Matinum,
1486 3667 1561 3704 est
1641 3660 1831 3710 θεωρία
1852 3662 2013 3725 origo,
2094 3694 2099 3699 ,

580 3738 813 3811 σφραγὶς,
831 3740 913 3787 vel
935 3735 1272 3807 φυλακτήριον.
1299 3732 1429 3783 Nam
1454 3753 1559 3801 pn·
1714 3757 1762 3803 7.
1789 3742 1907 3799 Hir,
1931 3740 2145 3805 siphon,
2162 3742 2244 3789 vel
2266 3742 2493 3800 1r,vola
2517 3754 2599 3789 ma·

577 3821 739 3868 denda
764 3836 860 3884 pro
879 3819 1106 3868 amuletis
1124 3816 1362 3881 suspendi
1379 3834 1406 3865 e
1428 3815 1559 3865 collo
1636 3833 1761 3879 nus,
1782 3831 1831 3868 et
1851 3820 2071 3869 sumitur
2090 3837 2187 3884 pro
2206 3820 2409 3869 haustu.

577 3900 747 3963 pueris
765 3932 780 3956 ,
806 3908 981 3947 auctor
1007 3908 1086 3965 est
1105 3900 1280 3945 Varro.
1377 3922 1382 3931 ·
1714 3902 1759 3950 8.
1780 3902 1881 3951 Cic.
1898 3901 1963 3949 ad
1980 3902 2081 3948 Att.
2095 3900 2184 3949 lib.
2200 3901 2355 3963 ΠΗ,
2376 3902 2516 3968 epist.
2534 3898 2595 3948 50.

651 3987 698 4047 4.
713 3977 1087 4045 catillostupus,
1099 3978 1252 4045 piscis
1263 3976 1557 4047 exquisitus.
1710 3988 1760 4037 9
1784 3973 2013 4025 Nonius:
2034 3966 2285 4025 Lur'oorm
2306 3989 2339 4022 a
2357 3971 2595 4024 lui-cando
