2775 4619
588 423 664 474 12

1114 411 1193 472 A.
1242 405 1619 473 PERSII
1685 405 2060 473 FLACCI

666 533 946 622 Castiges
972 533 1247 614 trutina,
1277 555 1398 597 nec
1433 549 1494 597 te
1525 533 1889 622 quaesiveris
1922 549 2121 596 extra.

667 648 835 714 Nam
864 649 1085 712 Romae
1111 649 1253 736 quis
1278 671 1412 713 non
1436 648 1488 711 P.
1614 671 1686 712 ac
1703 697 1720 730 ,
1749 650 1802 712 si
1827 648 1922 712 fas
1949 647 2194 713 dicere!
2221 647 2333 713 sed
2356 648 2451 713 fas

666 763 892 842 Tunc,
922 765 1074 825 cum
1102 761 1184 826 ad
1208 763 1513 826 canitiem
1530 811 1548 845 ,
1573 779 1638 827 et
1666 778 1958 827 nostrum
1985 763 2161 827 istud
2187 762 2404 828 vivere
2429 764 2603 828 triste

581 969 651 978 -
669 941 945 986 Examenvc
984 938 1275 1003 improbum.
1318 937 1557 989 Examen

580 1032 656 1071 est
679 1015 903 1070 bilancis
920 1017 1092 1080 hasta,
1112 1015 1270 1069 filum
1285 1055 1300 1079 ‚
1316 1018 1555 1089 lingula,

581 1102 689 1168 qua
728 1110 901 1151 stante
916 1135 930 1158 ,
956 1097 1013 1149 in
1055 1109 1305 1150 neutram
1344 1111 1556 1168 partem

582 1191 839 1249 vergente
858 1215 874 1242 ,
909 1191 963 1232 et
1008 1178 1108 1230 sub
1152 1197 1277 1231 ansa
1318 1178 1522 1232 latente
1539 1215 1556 1243 ,

581 1256 953 1328 aequilibrium
978 1259 1363 1346 cognosciturx
1381 1257 1447 1309 C.

652 1355 700 1405 7.
722 1338 936 1404 castiges
948 1336 1416 1405 trutina.]'1*rutina
1432 1356 1560 1410 pro-

578 1417 699 1488 prie
746 1416 886 1470 illud
932 1419 1176 1470 foramen
1223 1418 1524 1488 oblongum
1543 1457 1559 1484 ,

579 1497 721 1550 intra
757 1496 907 1568 quod
939 1497 1114 1570 vergit
1153 1497 1396 1568 lingula,
1423 1511 1480 1550 et
1504 1499 1564 1552 in

583 1595 697 1649 quo
738 1577 1003 1630 foramine
1043 1596 1194 1648 aequa
1235 1578 1559 1632 examinatio

580 1655 949 1726 cognoscitur.
1009 1655 1111 1708 Hic
1150 1658 1404 1717 „sumitur
1454 1677 1560 1729 pro

582 1747 697 1789 tota
713 1735 939 1788 bilance.
961 1734 1240 1800 nociaco,
1257 1737 1381 1790 Casa
1389 1737 1560 1788 uboni

580 1814 847 1868 sententia
866 1809 1084 1868 silentio
1099 1835 1212 1868 non
1235 1817 1561 1888 praetermit-

579 1893 747 1947 tenda
766 1933 780 1957 ‚
810 1913 931 1966 quae
950 1895 1028 1947 sic
1054 1913 1108 1948 se
1129 1895 1291 1948 habet
1316 1915 1329 1947 t
1357 1921 1381 1942 ι
1407 1895 1560 1961 Quid

530 2037 534 2042 ἡ
585 1999 609 2020 ι
630 1975 702 2027 sit
720 1977 973 2047 castigare
992 1975 1277 2048 zygostatis
1290 2014 1306 2041 ‚
1324 1975 1562 2032 declarat

590 2076 613 2098 α
636 2052 905 2126 interpres
919 2055 1180 2126 antiquus
1197 2074 1211 2106 ε
1234 2059 1478 2124 castigarc
1494 2072 1567 2110 >cst

587 2157 611 2178 ι
633 2136 789 2202 digito
827 2139 1007 2186 libram
1032 2151 1319 2204 percutere,
1353 2152 1411 2188 ut
1445 2153 1562 2190 cem-

586 2239 609 2260 «
622 2230 828 2280 peretur
845 2254 865 2276 ,
902 2231 953 2268 ct
978 2236 1092 2283 proe
1141 2219 1416 2285 agitatione
1448 2232 1565 2285 post

586 2320 609 2341 ι
632 2314 831 2363 aequum
868 2299 1193 2363 conquiescat.
1210 2335 1221 2347 .
1236 2336 1276 2349 ..
1305 2298 1566 2370 Suspicor

588 2400 611 2421 ι
635 2389 813 2429 tamen
830 2390 1071 2429 veterem
1085 2377 1243 2431 illum
1257 2378 1566 2451 grammati-

588 2481 612 2503 ιι
635 2475 763 2522 cum
783 2457 1055 2529 scripsisse
1068 2478 1394 2525 percurrere.-
1414 2458 1567 2530 quod

590 2560 614 2583 α
636 2537 861 2608 proprie
878 2537 1064 2589 locum
1079 2540 1240 2592 habet
1258 2539 1315 2591 in
1332 2550 1528 2591 statera
1545 2576 1563 2603 ‚

589 2641 612 2662 ι
636 2634 756 2686 quoe
774 2636 999 2688 scapum
1022 2619 1186 2672 habet
1213 2620 1436 2691 punctis
1457 2617 1566 2671 dis-

589 2719 611 2741 ·
637 2696 892 2749 tinctum.
911 2697 1052 2761 Hac,
1081 2700 1207 2751 cum
1229 2698 1440 2769 aliquid
1469 2718 1564 2770 ap-

588 2800 609 2819 «
632 2775 952 2846 pendimus,
977 2776 1143 2829 altera
1184 2795 1349 2828 manu
1391 2776 1564 2847 aequi·

589 2881 610 2902 α
631 2856 901 2929 pondium
923 2878 1020 2929 per
1039 2877 1261 2929 scapum
1284 2855 1537 2911 ducimus
1551 2897 1565 2921 ‚

588 2962 611 2983 ιι
634 2954 873 3007 eumque
914 2936 1123 2989 tamdiu
1153 2936 1530 3008 percurrimus
1549 2973 1566 3001 ‚

586 3031 609 3051 “
632 3016 810 3068 donec
844 3019 1053 3071 steterit
1082 3036 1310 3071 examen
1347 3019 1568 3083 ἀκλινές;

596 3120 618 3139 α
643 3095 793 3165 quod
816 3098 995 3149 Latini
1021 3096 1216 3151 dicunt
1233 3138 1249 3165 ,
1272 3118 1570 3165 compescere

594 3200 615 3219 «ι
638 3193 847 3225 examen
884 3192 1017 3227 certo
1041 3194 1245 3243 puncto.
1282 3176 1351 3229 Id
1374 3180 1569 3231 Vitru-

588 3280 610 3299 α
632 3254 754 3307 vius
784 3254 859 3306 sic
892 3258 1151 3322 expressit
1182 3276 1201 3307 ε
1238 3261 1570 3324 aequilibrium

590 3359 612 3380 ι
636 3337 687 3385 in
704 3338 913 3385 alteram
921 3352 1115 3402 partem
1134 3340 1271 3403 scapi
1278 3357 1375 3404 per
1378 3352 1571 3403 puncta

591 3441 612 3462 a
634 3420 824 3484 vagari
842 3436 861 3465 .·
893 3416 1019 3468 libr.
1050 3418 1101 3469 X
1120 3454 1137 3482 ,
1168 3436 1282 3487 cap.
1317 3418 1365 3469 8.
1393 3418 1571 3469 Etiam

588 3522 612 3541 ιι
634 3496 916 3567 sequentia
927 3498 1092 3548 verba
1104 3496 1423 3565 interpretis
1435 3497 1572 3549 mira

592 3601 613 3621 ι
636 3594 734 3629 sun
743 3588 785 3628 t:
799 3590 962 3644 etprae
971 3568 1241 3642 agitatione
1245 3592 1361 3644 post
1369 3596 1568 3643 oequum

590 3681 613 3701 ι
636 3659 965 3722 conquiescat.
982 3654 1098 3706 Hoc
1112 3655 1233 3707 vult
1254 3674 1266 3705 =
1287 3675 1400 3708 non
1415 3656 1569 3728 prius

589 3760 612 3781 ι
634 3736 824 3808 agitari
860 3736 1139 3800 desinere,
1167 3740 1332 3807 quam
1373 3738 1429 3789 in
1468 3757 1567 3790 suo

589 3840 611 3861 ι
633 3829 844 3887 puncto
885 3836 1094 3871 sacoma
1136 3818 1306 3870 fuerit
1341 3818 1571 3871 colloca·

1640 961 1663 984 ι
1687 949 1826 989 tum.
1864 939 1946 990 Ita
1969 927 2200 991 demum
2239 951 2454 1010 aequato
2493 958 2607 991 exa-

1642 1041 1663 1062 ι
1686 1016 1832 1068 mine
1861 1016 2094 1088 quiescit
2127 1017 2284 1069 libra.
2312 1041 2334 1062 ι
2353 1049 2425 1057 ———
2441 1022 2545 1068 Nec
2568 1033 2608 1066 tc

1637 1101 1910 1164 quaesiveris
1941 1113 2100 1148 exera.
2132 1097 2283 1152 Illud
2315 1113 2429 1163 est,
2461 1095 2607 1171 quod

1635 1177 1791 1230 stoici
1819 1175 2069 1230 dicebant
2093 1214 2109 1240 ‚
2135 1195 2248 1229 non
2271 1175 2472 1230 debere
2502 1190 2609 1230 stu·

1638 1257 1852 1310 diosum
1875 1257 2095 1312 virtutis
2120 1271 2264 1310 extra
2297 1277 2352 1310 se
2385 1277 2610 1310 conver·

1639 1349 1786 1400 tere,
1812 1349 1875 1389 ut
1905 1335 2020 1388 aliis
2044 1335 2249 1408 placeat
2275 1357 2288 1389 ε
2315 1337 2440 1390 satis
2471 1338 2612 1390 enim

1638 1416 1719 1468 ini
1759 1435 1868 1468 esse
1892 1453 1908 1481 ,
1948 1417 1990 1468 si
2031 1429 2341 1487 praestaret,
2377 1431 2441 1471 ut
2482 1430 2614 1469 esset

1647 1495 1799 1568 quod
1821 1496 2075 1567 cupiebat
2090 1533 2106 1558 ‚
2123 1495 2295 1549 videri
2312 1511 2499 1550 autem
2514 1497 2613 1550 vel-

1641 1579 1728 1642 le,
1753 1579 1802 1631 ei
1825 1576 2131 1630 curandum
2153 1596 2264 1631 non
2296 1597 2441 1632 esse:
2466 1581 2519 1631 οὗ
2539 1575 2615 1631 δεῖ

1641 1659 1731 1722 ἔξω
1750 1665 1990 1729 ςραφῆναι
2014 1659 2130 1728 πρὸς
2153 1661 2208 1712 τὸ
2233 1660 2489 1724 βούλεσθαι
2515 1661 2616 1729 ἀρέ-

1640 1757 1724 1790 σαι
1747 1740 1839 1791 τινί
1867 1757 1878 1788 :
1909 1737 2144 1808 Epictet.
2176 1735 2460 1791 Enchi‘rid.
2484 1739 2614 1791 Scn·

1641 1818 1809 1870 tentia
1847 1831 2028 1897 autem
2069 1837 2228 1873 aurea
2271 1822 2431 1889 juxta
2477 1817 2617 1871 illud

1640 1896 1921 1970 delapsum
1951 1917 1981 1950 e
2018 1900 2151 1952 coelo
2191 1905 2344 1954 Γνῶθι
2380 1901 2620 1961 σεαυτόν,

1642 1996 1809 2048 quam
1821 1977 1895 2031 sic
1908 1979 2150 2033 imitatus
2161 1991 2346 2031 noster
2355 1979 2617 2031 satiricus:

1645 2067 1779 2114 Nous
1797 2067 2054 2112 cherchons
2072 2067 2182 2114 hors
2200 2067 2258 2112 de
2277 2081 2396 2112 nous
2415 2081 2504 2111 uos
2517 2080 2619 2111 ver-

1766 2147 1840 2184 tus
1860 2148 1907 2184 et
1922 2155 2010 2184 uos
2025 2139 2168 2185 vices.

1716 2219 1766 2271 8.
1810 2223 1938 2270 Nam
1982 2223 2148 2270 Roma·
2186 2219 2294 2286 quis
2340 2237 2438 2268 non
2453 2225 2481 2267 ,ι’
2501 2255 2515 2268 .
2538 2256 2552 2268 .
2573 2219 2622 2286 .]

1645 2293 2017 2361 Ammon-nm<-
2033 2300 2170 2364 Quis
2184 2301 2367 2353 Romae
2386 2319 2499 2352 non
2523 2314 2622 2366 est,

1647 2398 1846 2450 nempe
1875 2380 2123 2450 corrupti
2142 2378 2336 2449 judicii
2359 2415 2376 2442 ,
2398 2391 2454 2431 et
2478 2377 2624 2430 indi·

1649 2476 1787 2528 gnus
1843 2459 2001 2525 cujus
2051 2459 2322 2510 rationem
2376 2456 2573 2509 habeas
2607 2495 2625 2522 ‚

1644 2536 1852 2608 quippe
1879 2534 2088 2589 deliciis
2127 2548 2180 2588 ct
2214 2537 2353 2588 luxu
2380 2535 2621 2607 perditi,

1642 2616 1862 2669 virtutis
1912 2634 2094 2669 osores
2117 2655 2133 2681 ‚
2172 2628 2225 2668 et
2271 2616 2627 2670 honestarum

1644 2696 1843 2748 artium
1863 2735 1880 2761 ‚
1903 2714 2067 2768 quos,
2087 2696 2131 2749 si
2151 2716 2180 2748 a
2198 2694 2451 2768 principe
2472 2716 2628 2749 orsus

1643 2775 1881 2846 singulos
1913 2774 2252 2839 consideres,
2285 2792 2474 2827 omnes
2507 2794 2628 2847 pes-

1644 2856 1808 2908 simos
1824 2895 1840 2919 ‚
1875 2855 2188 2926 imperitos,
2225 2874 2414 2907 omnes
2452 2857 2630 2907 asinos

1646 2936 1890 2988 invenies
1909 2974 1926 3000 ‚
1956 2948 2055 2987 etc.
2088 2936 2206 2988 Hoc
2245 2933 2390 2987 enim
2418 2939 2515 2986 sua
2545 2954 2626 2986 re·

1648 3016 1866 3068 ticentia
1886 3015 2009 3067 vult
2033 3014 2467 3074 Persius.—Ac‚
2486 3018 2532 3063 si
2537 3015 2631 3080 fas

1647 3101 1839 3148 dicere!
1855 3096 1973 3148 Hoc
1994 3097 2282 3167 interjecto
2299 3096 2454 3156 πάθος
2469 3094 2629 3147 valde

1648 3188 1841 3246 auget,
1871 3194 1931 3227 ac
1972 3194 2249 3227 summum
2293 3172 2631 3226 desiderium

1647 3255 1907 3307 libertatis
1925 3254 2116 3325 arguit,
2129 3252 2197 3305 ad
2213 3252 2632 3305 declamandum

1651 3348 1840 3385 contra
1868 3333 2022 3385 vitia.
2037 3364 2108 3372 ——
2123 3336 2220 3383 Sed
2226 3335 2331 3399 fas.
2349 3330 2632 3402 Significat

1650 3402 1705 3467 s'e
1727 3416 1784 3468 in
1804 3415 2089 3487 proposito
2116 3431 2465 3486 perseverare
2487 3448 2504 3476 ‚
2528 3412 2632 3464 sci-

1647 3494 1775 3547 licet
1790 3534 1805 3559 ‚
1827 3494 2100 3553 scrihendi
2119 3495 2319 3548 satiras.
2343 3492 2409 3543 C.

1659 3606 1674 3623 f
1723 3595 1770 3643 9.
1794 3582 1943 3635 Tunc,
1961 3580 2071 3626 01⁸an
2085 3572 2440 3643 adcanitiem.]
2456 3570 2633 3635 Quid-

1649 3656 1786 3728 quid
1802 3656 1889 3707 isti
1894 3675 1914 3725 J
1923 3674 1955 3707 u
1962 3654 2192 3707 dicaturi
2205 3653 2631 3723 sint‚inquit,ego

1632 3749 1824 3813 ‘tamen
1873 3735 2230 3787 nihilominus
2268 3732 2452 3784 satiras
2496 3730 2633 3784 mihi

1649 3814 1954 3869 scribendas
1962 3812 2171 3885 judico,
2187 3812 2402 3885 quoties
2415 3813 2488 3864 ob
2510 3828 2638 3865 ocu-

654 3961 719 4006 V.
744 3960 794 4007 8.
819 3963 912 4010 Ac.
944 3962 1156 4010 Restitui
1188 3978 1250 4009 ex
1282 3962 1520 4011 omuibus
1556 3961 1740 4011 nostris
1774 3959 1920 4010 codd.
1944 3962 2059 4011 Vox
2087 3957 2154 4007 ab
2184 3968 2259 4006 est
2291 3958 2632 4007 recentiorum
2677 3970 2683 3975 ·

492 4078 511 4098 l
590 4036 859 4091 editorum.
889 4040 1011 4090 Cod.
1040 4052 1235 4105 noster,
1260 4052 1339 4097 ae.
1427 4098 1430 4103 ¹
