2775 4619
913 398 1304 466 SATIRA
1371 401 1531 468 111.

291 525 371 588 Et
396 524 586 614 piper
611 539 677 590 et
701 547 918 614 pernae
935 575 954 604 .,
983 527 1180 589 Marsi
1209 541 1631 590 monumenta
1659 527 1909 592 clientis
1931 575 1950 608 ‚

2178 405 2284 470 85‘

2195 534 2261 608 75

289 639 632 728 Maenaque
657 640 838 728 qnod
864 641 1078 728 prima
1104 639 1404 706 nondum
1426 640 1743 705 defecerit
1766 643 1940 705 orca.

285 754 412 820 Hic
445 755 683 844 aliquis
715 755 797 820 de
833 773 1026 845 gente
1059 755 1311 820 hircosa
1346 755 1811 820 centurionum

265 949 358 1022 75.
397 952 560 1000 Marsi
592 963 908 1000 monumenta
942 949 1182 1020 clientis]

197 1031 358 1084 Marsi
380 1068 398 1094 ‚
431 1028 646 1100 Apuliae
683 1029 902 1103 populi.
937 1028 1146 1082 Plinius
1169 1065 1186 1091 ,

197 1111 292 1163 lib.
323 1113 414 1163 ΙΙΙ
437 1151 455 1176 ,
485 1129 606 1182 cap.
657 1129 741 1162 11.
779 1109 848 1162 In
883 1128 1077 1171 eorum
1105 1128 1186 1162 re-

196 1193 355 1264 gione
375 1204 434 1243 et
459 1191 608 1243 silvis
631 1189 751 1261 apni
771 1202 926 1242 erant
945 1189 1189 1260 complu·

196 1291 306 1331 rea,
324 1272 460 1324 hinc
480 1288 677 1342 pernas
699 1269 765 1321 ab
785 1269 849 1320 iis
871 1269 1019 1322 dono
1041 1269 1187 1321 mitti

197 1355 444 1426 patronis
471 1353 582 1404 suis
610 1352 684 1404 ait
712 1351 946 1404 Persius,
976 1350 1039 1403 P.
1119 1365 1124 1372 ·

265 1439 354 1506 76.
398 1440 700 1501 Moenaque,
727 1433 837 1502 eta]
879 1432 1046 1486 Piscis
1081 1451 1188 1484 ma-

197 1516 346 1568 rinus
397 1515 651 1586 exiguus.
702 1513 820 1566 Hoc
872 1514 994 1566 loco
1017 1551 1034 1577 ,
1080 1531 1185 1584 pro

195 1597 341 1669 pisce
361 1597 630 1668 quolibet.
644 1624 715 1640 -ψ-
729 1593 1046 1662 Qubdpre'md
1067 1613 1186 1644 non-

197 1664 314 1728 dumx
327 1678 571 1744 defecerit
587 1675 719 1726 ονσᾶ.
735 1673 866 1726 Vid.
885 1693 1008 1746 sup.
1026 1694 1077 1728 v·
1097 1673 1182 1726 50.

263 1767 356 1820 77.
398 1747 495 1798 Ηῖσ
532 1750 714 1814 aliquis
748 1749 810 1795 de
840 1761 987 1814 gente
1007 1783 1025 1806 ,
1059 1747 1178 1816 eta]

195 1829 470 1882 Hactenus
503 1827 574 1880 de
603 1827 912 1900 praestantia
947 1839 1000 1878 et
1037 1827 1185 1878 utili-

194 1923 298 1962 tate
311 1908 694 1980 philosophiae,
704 1920 757 1960 et
772 1905 840 1958 de
855 1905 1100 1978 ejusdem
1115 1905 1184 1958 ad

193 1992 362 2045 vitam
403 1990 620 2042 beatam
662 1988 977 2040 necessitate
1018 1986 1182 2040 disse-

196 2072 306 2124 ruit
338 2108 356 2134 ,
400 2082 666 2140 tanquam
722 2068 790 2121 de
842 2088 900 2120 re
953 2081 1082 2120 nota
1127 2081 1182 2121 et

196 2160 508 2213 constante3
539 2148 612 2200 ita
641 2145 786 2200 enim
813 2144 1070 2217 discipuli
1097 2145 1182 2198 sui

189 2229 478 2299 «segnitiem
527 2227 779 2278 excussit.
824 2227 875 2278 N
880 2244 986 2278 unc
1002 2264 1018 2290 ,
1055 2225 1183 2298 quia

194 2309 455 2381 permulti
480 2312 666 2361 Romae
682 2347 697 2372 ‚
718 2307 1018 2379 praesertim
1039 2307 1184 2360 inter

190 2394 422 2462 juvenes
448 2403 503 2441 et
530 2390 786 2441 militares
805 2388 950 2441 viros
966 2426 982 2451 ‚
1003 2388 1182 2459 philo-

193 2473 395 2543 sophiae
435 2470 682 2525 studium
725 2470 1182 2541 aspernabantur,

193 2566 356 2624 atque
395 2570 424 2603 a
466 2550 716 2605 moribus
757 2551 1015 2603 Romanis
1055 2550 1183 2609 alie-

195 2652 328 2685 num
348 2632 680 2686 dictitabant
693 2670 710 2696 ‚
731 2651 922 2685 eorum
939 2632 1185 2685 insanam

193 2714 558 2785 objectionem
584 2714 874 2766 antevertit
899 2726 1064 2785 atque
1097 2711 1181 2763 di-

193 2794 318 2862 luit,
341 2796 449 2847 hoc
465 2794 648 2847 modo.
664 2794 848 2846 Unum
864 2792 1078 2847 inducit
1093 2794 1184 2845 ali-

193 2895 360 2947 quem
375 2876 672 2947 agrestium
693 2888 746 2927 et
765 2876 1072 2947 opicorum‚
1086 2875 1181 2945 qui

191 2956 256 3008 ad
285 2958 472 3009 studia
502 2958 582 3009 rei
613 2956 891 3020 militaris,
917 2975 1027 3008 non
1058 2956 1178 3027 phi-

191 3037 487 3109 Iosophiae‚
512 3040 782 3090 Romanos
821 3058 875 3091 se
908 3038 1180 3109 applicare

191 3116 392 3171 debere
429 3120 778 3191 jactitabant3
816 3132 868 3172 et
909 3117 1175 3182 ridicu10‚

191 3201 352 3271 quale
395 3200 685 3253 conveniat
728 3201 948 3253 hircoso
991 3214 1180 3253 centu·

191 3280 334 3331 rioni
354 3318 370 3341 ,
396 3280 456 3331 in
497 3280 854 3351 philosophos
891 3279 1177 3343 conviciO,

192 3358 360 3411 efficit
379 3360 624 3431 primum
637 3398 654 3423 ‚
675 3379 746 3412 ne
765 3358 898 3431 quid
919 3359 1178 3431 ponderis

191 3438 340 3511 apud
397 3438 735 3511 discipulum
800 3458 959 3491 suum
1016 3441 1178 3509 hujus

191 3539 350 3573 voces
367 3521 632 3583 habeant;
648 3520 848 3573 deinde
867 3522 1034 3573 istum
1053 3539 1178 3572 cen-

195 3601 503 3663 turionem3
534 3614 587 3653 et
621 3600 754 3654 alios
786 3603 883 3673 qui
919 3602 1044 3653 talia
1071 3603 1178 3670 jac-

195 3691 370 3731 tarent
387 3717 403 3744 ,
431 3693 710 3750 comparat
736 3694 936 3751 aegroto
962 3679 1182 3735 cuidam

195 3759 382 3811 insano
403 3758 604 3811 medici
629 3762 850 3813 consilia
871 3762 1180 3831 respuendi,

199 3852 248 3892 et
275 3840 344 3893 ad
376 3853 616 3893 mortem
641 3840 1026 3914 intempestiva
1055 3860 1182 3895 cur·

1267 949 1414 1001 renti
1454 949 1791 1020 pertinaci-‘13
1834 948 1990 1020 quod
2032 949 2257 1022 quidem

1267 1029 1484 1082 evenire
1518 1047 1733 1082 necesse
1776 1031 1879 1084 erit
1916 1031 2140 1084 cuilibet
2174 1051 2256 1085 ass

1231 1149 1234 1156 .
1267 1111 1521 1180 pernanti
1559 1110 1919 1181 philosophiae
1950 1125 2253 1184 praecepta,

1269 1209 1391 1262 quaa
1426 1202 1555 1242 sunt
1590 1189 1755 1241 animi
1788 1209 1913 1243 vera
1944 1203 1999 1243 et
2036 1193 2147 1245 sola
2174 1212 2259 1245 re-

1268 1268 1469 1323 media.
1494 1271 1580 1322 En
1605 1289 1665 1322 ea
1691 1269 1807 1322 sine
1838 1269 2012 1323 dubio
2040 1291 2160 1342 quae
2188 1273 2257 1324 ab

1266 1352 1350 1403 his
1387 1349 1637 1403 ducenda
1676 1350 1779 1403 erit
1815 1350 2113 1404 conclusio.
2146 1349 2255 1405 Sed

1267 1432 1505 1496 auctoris
1540 1444 1779 1484 mentem
1819 1431 2072 1484 obscurat
2104 1451 2257 1486 com-

1264 1511 1559 1582 parationis
1596 1510 1789 1564 omissa
1826 1513 2046 1582 penitus
2088 1513 2260 1568 altera

1265 1611 1409 1665 pars.
1447 1592 1629 1644 Solam
1668 1593 1817 1644 enim
1851 1591 2116 1663 protasim
2152 1612 2254 1664 po-

1265 1673 1406 1738 suit,
1435 1671 1719 1743 apodosim
1750 1672 1977 1742 reliquit
2012 1671 2256 1728 auditori

1265 1751 1626 1823 supplendam
1660 1771 1677 1818 3
1716 1751 1871 1823 quod
1918 1753 2141 1824 quidem
2186 1773 2252 1808 eo

1265 1833 1476 1886 facilius
1514 1845 1629 1894 est,
1664 1831 1812 1902 quod
1854 1833 2031 1885 morbi
2068 1833 2253 1904 appel-

1264 1913 1395 1966 latio
1425 1914 1732 1966 communis
1759 1925 1838 1965 est
1866 1913 2109 1984 corporis
2134 1916 2253 1966 ani-

1263 1996 1451 2066 mique
1470 1994 1631 2046 vitiis.
1656 1995 1737 2046 Ita
1756 2031 1773 2057 ,
1802 2013 1929 2064 ergo
1948 2033 1964 2058 ,
1988 1993 2056 2046 ad
2074 1995 2252 2050 'totius

1261 2076 1428 2146 hujus
1465 2074 1911 2146 praestantissimae
1951 2075 2123 2128 satirae
2164 2077 2250 2128 in·

1263 2155 1637 2227 telligentiani,
1658 2173 1873 2208 mecum
1894 2194 1909 2220 ‚
1936 2157 2109 2209 lector
2126 2193 2143 2220 ‚
2166 2157 2252 2209 in-

1264 2237 1513 2288 choatam
1550 2233 1767 2307 pridem
1810 2234 1954 2306 (vid.
1989 2250 2144 2290 notas
2180 2237 2251 2290 ad

1263 2338 1316 2371 v.
1343 2318 1447 2386 58)
1480 2318 1740 2390 analysim
1766 2330 1977 2389 repetas
1994 2356 2010 2383 ‚
2037 2331 2092 2372 et
2120 2338 2252 2375 con·

1264 2400 1445 2451 tinues
1495 2417 1709 2451 necesse
1758 2397 2057 2451 admodum
2102 2398 2252 2452 vide-

1264 2490 1372 2530 tut.
1392 2517 1403 2529 .
1419 2517 1433 2529 .
1452 2516 1463 2529 .
1513 2481 1678 2529 Stertis
1724 2480 1889 2538 adhuc
1914 2488 1941 2529 ι’
1978 2482 2253 2546 laxumque

1264 2574 1444 2626 capue,
1468 2574 1583 2609 etc..
1600 2598 1613 2610 .
1630 2598 1641 2609 .
1676 2564 1763 2612 Est
1789 2562 1989 2626 aliquid
2013 2580 2113 2626 quo
2144 2576 2250 2611 cen-

1264 2642 1338 2694 dis
1351 2649 1377 2690 ι’
1398 2660 1464 2690 an
1478 2644 1663 2707 passim
1691 2642 1905 2707 sequeris
1932 2660 2095 2691 corvos
2110 2649 2135 2691 :²
2150 2678 2162 2691 .
2180 2678 2191 2691 .

1265 2726 1467 2771 Frustra
1480 2723 1746 2770 remedium
1759 2723 2137 2787 quaesieris‚cicm
2138 2724 2253 2789 jam

1261 2804 1455 2851 morbus
1494 2802 1764 2851 invaluerit.
1782 2837 1793 2849 .
1816 2837 1856 2850 ..
1905 2802 2131 2852 Venienci
2168 2819 2255 2853 oc·

1262 2896 1406 2927 curre
1423 2880 1609 2928 morbo.
1622 2914 1633 2925 .
1652 2914 1663 2925 .
1679 2913 1691 2925 .
1708 2878 1851 2927 Disce.
1872 2896 2045 2929 causas
2062 2896 2245 2927 rerum.

1269 2960 1404 3022 Quid
1417 2976 1577 3007 sumus
1593 2994 1610 3016 ,
1642 2972 1731 3006 etc.
1761 2956 2062 3027 (Sequitur
2082 2954 2254 3007 admi·

1259 3036 1496 3093 randum
1534 3037 1699 3089 totius
1738 3037 2035 3089 stoicorum
2067 3038 2250 3109 philo-

1260 3119 1463 3191 sophiae
1490 3119 1707 3171 moralis
1729 3118 2125 3191 compendium
2146 3138 2251 3170 un·

1261 3199 1440 3251 decim
1453 3199 1699 3252 versibus
1720 3198 2053 3268 inclusum).
2068 3238 2081 3249 .
2094 3238 2105 3249 .
2118 3238 2131 3250 .
2156 3200 2249 3249 Hi'c

1259 3282 1440 3345 aliquis
1455 3282 1673 3329 centurio
1695 3282 1936 3345 Ῐιίνερειιε,
1950 3284 2041 3331 vel
2056 3282 2172 3331 hnic
2183 3282 2247 3329 si-

1259 3363 1384 3412 milt's
1396 3364 1540 3411 dicet:
1560 3364 1707 3427 Quod
1714 3364 1832 3411 satis
1844 3376 1929 3421 est,
1943 3365 2080 3428 sapio
2095 3362 2219 3411 milei
2228 3379 2245 3411 .·

1259 3462 1358 3491 non
1391 3460 1480 3509 ego
1512 3462 1631 3493 curo
1662 3463 1759 3493 esse
1798 3445 1937 3509 quod
1963 3444 2205 3494 Arcesilas
2216 3460 2239 3499 ,ς

1258 3536 1346 3572 ecc.
1363 3560 1374 3571 .
1393 3560 1403 3571 .
1424 3562 1434 3572 .
1462 3526 1589 3575 Huic
1621 3525 1833 3573 sermoni
1870 3524 2018 3590 impio¹
2056 3523 2249 3587 stgfia-

1255 3618 1409 3671 gatar
1442 3609 1669 3671 populus.
1684 3643 1697 3656 .
1714 3644 1725 3654 .
1742 3643 1754 3655 .
1796 3608 1902 3671 1230
1944 3618 2107 3653 autem
2149 3622 2249 3653 res-

1251 3686 1450 3750 pondeo
1468 3704 1488 3737 .·,
1509 3710 1529 3730 ιι
1549 3690 1615 3735 Tu
1638 3686 1728 3750 qui
1748 3686 1837 3733 tibi
1851 3686 2045 3749 sapiens
2063 3684 2253 3732 videris

1265 3788 1288 3809 α
1311 3778 1361 3813 ec
1378 3784 1547 3823 sanun
1568 3766 1699 3813 hunc
1714 3776 1951 3830 cegrotum
1965 3764 2100 3812 vide.
2122 3768 2253 3812 Fau·
2312 3818 2319 3826 ⁸

1267 3867 1290 3889 ι
1313 3847 1449 3894 cibus
1462 3848 1567 3914 ejus
1584 3858 1849 3911 exsuperat
1860 3845 2219 3913 gravis‘laealicus

255 4022 330 4077 N.
363 4021 454 4085 76,
482 4018 748 4087 Deficeric.
779 4023 911 4073 Mate
935 4022 1047 4070 eod.
1069 4023 1309 4073 Fauchet.
1329 3992 1518 4073 et-edit.
1540 4023 1725 4076 Aldina
1753 4041 1773 4073 1
1787 4024 1886 4073 535
1903 4058 1919 4085 ‚
1940 4022 2218 4088 Deficeratl
