2775 4619
587 375 724 455 126'

1118 395 1202 456 A.
1257 394 1630 462 PERSII
1689 398 2077 468 FLACCI

663 513 902 578 Nostra
927 514 1031 579 vel
1065 517 1296 605 aequali
1328 521 1669 608 suspendit
1704 533 2001 614 tempora
2036 528 2205 592 libra

665 629 864 694 Parca
896 646 1092 694 tenax
1115 633 1252 696 veri
1271 681 1292 714 ‚
1319 655 1434 698 seu
1470 652 1621 701 nata
1650 636 1957 706 fidelibus
1985 641 2153 708 hora

664 743 917 809 Dividit
941 748 1012 810 in
1043 749 1334 836 geminos
1360 751 1709 818 concordia
1732 754 1863 821 fata
1888 755 2178 824 duorum
2194 809 2215 842 ‚

663 861 1152 950 Saturnumque
1177 863 1439 952 gravem
1464 884 1691 934 nostm
1716 871 1875 936 Jove
1899 872 2260 964 frangimus
2286 880 2453 961 unzi3

571 1083 594 1104 ι
619 1073 915 1122 summam,
935 1055 1120 1128 inquit
1140 1057 1364 1111 Casaub.
1382 1059 1554 1114 animi

573 1161 595 1182 ι
618 1136 703 1188 sui
731 1137 1178 1207 conjunctionem
1213 1157 1341 1190 cum
1369 1140 1552 1192 animo

572 1242 595 1262 ι
617 1217 853 1269 Cornuti
895 1217 1062 1288 magis
1103 1219 1403 1290 exprimat,
1435 1221 1552 1273 haec

571 1325 594 1346 «
617 1296 752 1350 dicit
770 1297 1014 1351 Persius:
1037 1317 1154 1351 non
1180 1301 1328 1354 enim
1350 1303 1469 1374 πρὸς
1492 1304 1549 1356 τὸ

570 1405 593 1426 ι
615 1380 785 1450 ῥητὸν,
815 1391 870 1430 et
909 1379 1229 1449 simpliciter
1264 1381 1378 1434 haec
1416 1395 1549 1434 sunt

569 1481 590 1502 ι
613 1454 952 1529 accipienda,
985 1469 1046 1510 ut
1077 1459 1366 1531 perinepte
1402 1460 1545 1513 fece-

567 1561 591 1583 «
611 1549 746 1590 runt
773 1535 1018 1608 quidam.
1047 1540 1218 1609 Atqui
1247 1559 1360 1591 non
1391 1541 1547 1594 aliter

566 1641 589 1665 α
613 1619 734 1691 capi
755 1621 908 1672 locus
935 1617 1098 1671 debet
1112 1657 1127 1682 ,
1149 1625 1316 1690 quam
1337 1621 1382 1672 si
1402 1620 1548 1675 dicat

564 1724 587 1745 ιι
609 1701 825 1753 Persius
842 1718 857 1749 t
884 1717 951 1750 ex
969 1700 1222 1752 omnibus
1242 1701 1416 1753 causis
1432 1720 1546 1754 ma·

563 1807 586 1828 «1
605 1799 723 1853 gnae
743 1779 1028 1851 cujusdam
1057 1792 1110 1832 et
1133 1781 1383 1852 persectae
1410 1783 1545 1835 ami-

562 1891 586 1911 «ι
608 1863 746 1914 citiae
761 1899 774 1920 ,
799 1864 830 1918 ἡ
863 1864 1102 1933 covas-pia
1123 1875 1379 1916 censetur
1400 1880 1542 1936 quo-

560 1967 583 1989 ι
603 1941 856 1996 rumdam
869 1940 1080 2012 judicio
1103 1943 1362 1994 maxima:
1389 1942 1539 2016 quod

559 2048 581 2070 α
603 2025 648 2076 si
677 2024 752 2076 ita
788 2037 902 2086 est,
935 2023 1002 2074 ab
1042 2023 1251 2077 effectis
1285 2024 1541 2096 colligere

557 2130 581 2150 ι
603 2116 724 2156 tuto
751 2121 1040 2174 possumus
1058 2142 1074 2168 ‚
1103 2104 1318 2157 occulta
1345 2105 1539 2156 sideris

556 2210 579 2230 α
601 2185 829 2256 alicujus
842 2195 1110 2256 potestate
1125 2183 1384 2236 coaluisse
1396 2185 1539 2237 hanc

555 2290 576 2311 ι
599 2266 745 2317 inter
790 2283 889 2317 uos
941 2263 1233 2317 amicitiam
1283 2276 1486 2317 tantam
1514 2303 1532 2330 ,

555 2372 577 2393 α
599 2344 843 2417 adeoque
870 2344 1105 2397 firmam.
1125 2368 1147 2389 ι
1185 2346 1272 2397 Ita
1297 2344 1529 2399 Casaub.

548 2428 800 2481 Persium
833 2431 1054 2497 poetam
1092 2444 1254 2477 suum
1291 2425 1533 2479 dilectis-

547 2508 748 2559 simum
769 2506 1155 2577 superstitione
1179 2518 1233 2557 et
1253 2510 1392 2559 vana
1409 2526 1530 2578 erga

548 2586 846 2657 astrologos
883 2582 1206 2637 credulitate
1243 2584 1487 2639 vindicat
1512 2606 1527 2637 z

545 2667 726 2737 atqui,
745 2684 808 2718 ex
821 2665 905 2717 his
917 2704 932 2730 ,
955 2676 1054 2715 no'n
1073 2668 1279 2726 dubites,
1294 2665 1530 2733 Persius,

545 2746 642 2799 etsi
696 2746 1052 2817 philosophus
1102 2757 1271 2816 atque
1327 2748 1531 2801 stoicus

543 2826 798 2879 eumdem
813 2844 1057 2879 errorem
1073 2828 1366 2898 suscepisse
1381 2840 1435 2880 et
1454 2830 1531 2881 fo-

539 2908 676 2961 visse
709 2926 838 2960 cum
864 2908 1030 2978 vulgo
1062 2906 1352 2960 hominum
1377 2908 1530 2963 vide-

539 3000 659 3055 tur;
689 2990 824 3042 etin
853 2989 961 3041 hoc
994 2988 1236 3041 imitatus
1271 3007 1384 3042 esse
1414 2990 1527 3043 Ho-

538 3070 738 3121 ratium
759 3071 940 3141 ipsum
961 3070 1078 3141 qui,
1096 3070 1195 3122 lib.
1220 3072 1302 3135 II,
1317 3071 1411 3124 od.
1442 3090 1525 3143 17,

537 3147 609 3201 de
627 3166 682 3201 se
703 3162 757 3202 et
776 3152 1070 3203 Maecenate
1091 3151 1167 3202 sic
1185 3152 1354 3204 refert
1373 3170 1386 3203 ε

489 3276 494 3279 ·
537 3258 627 3305 Seu
645 3255 764 3301 libra
777 3291 792 3311 ‚
817 3272 897 3302 seu
915 3272 990 3303 me
1010 3258 1220 3321 scorpius
1239 3258 1407 3321 aspicit

530 3327 881 3376 formidolosus
894 3363 909 3384 ‚
933 3344 1042 3391 pars
1059 3329 1309 3376 violentior

595 3400 775 3445 Natalis
799 3400 926 3447 horae
939 3436 952 3457 ,
973 3410 1056 3447 seu
1075 3410 1296 3461 tyrannus

654 3471 888 3533 Hesperiae
904 3470 1214 3533 Capricornus
1232 3472 1397 3529 undam

527 3544 792 3604 'Utrumque
809 3552 1019 3589 nostrum
1035 3543 1302 3591 incredibili
1316 3546 1461 3591 nodo

527 3614 770 3661 consentit
797 3624 972 3661 astrum
977 3647 1385 3661 .........
1418 3618 1479 3663 Δ.

517 3724 598 3748 ·-
611 3714 692 3761 Ab
719 3730 818 3761 uno
851 3714 1008 3761 sidere
1039 3714 1173 3763 duci.
1211 3710 1334 3763 Scil.
1358 3724 1509 3765 nata-

526 3789 650 3842 litio
679 3805 734 3843 et
755 3792 1066 3862 horoscopo
1089 3812 1101 3842 τ
1133 3791 1244 3844 sive
1269 3790 1413 3844 illud
1438 3794 1508 3844 sit

525 3871 691 3925 Libra
707 3911 724 3935 ‚
747 3872 859 3927 sive
879 3873 1123 3925 Gemini.

597 3967 688 4032 47.
736 3964 936 4013 Nostra.
957 4000 970 4012 .
989 4000 1002 4013 .
1021 3999 1034 4013 .
1078 3964 1358 4033 tempora]
1401 3962 1511 4015 Per

501 4056 746 4119 ·cempora
759 4082 777 4107 ,
806 4043 1058 4117 intelligit
1090 4044 1401 4104 universam
1427 4046 1506 4101 vi·

2558 885 2633 943 50

1634 1076 1744 1116 tam
1759 1103 1774 1127 ,
1797 1067 1954 1138 cujus
1978 1065 2279 1142 praecipuas
2298 1083 2481 1144 partes
2502 1073 2629 1128 alli-

1632 1159 1761 1216 gant
1805 1149 2173 1201 mathematici
2202 1188 2219 1215 ‚
2264 1153 2582 1222 genituram
2607 1195 2628 1222 ‚

1632 1239 1820 1279 ortum
1839 1267 1858 1294 ,
1888 1231 2211 1303 conjugium
2229 1271 2248 1298 ‚
2272 1234 2497 1290 adversa
2526 1235 2629 1291 aut

1628 1306 1749 1360 laeta
1766 1346 1782 1372 ,
1798 1305 2039 1383 denique
2056 1328 2308 1368 mortem.
2319 1322 2634 1385 -Aequalz'

1626 1390 1771 1440 libr-d.
1805 1391 1995 1444 Plures
2023 1409 2153 1448 sunt
2180 1398 2627 1452 constellationes

1628 1487 1751 1540 quae
1780 1471 1927 1524 inter
1958 1491 2015 1526 se
2051 1475 2301 1528 homines
2320 1479 2579 1550 'jungunt
2604 1502 2623 1546 ;

1628 1548 1723 1601 sed
1752 1549 1876 1604 duae
1913 1553 2018 1604 illoe
2051 1556 2343 1627 praecipuae
2371 1571 2625 1630 quarum

1626 1629 1719 1682 hic
1738 1630 1803 1684 fit
1827 1634 2037 1686 mentio
2056 1643 2075 1702 ς
2096 1636 2217 1688 scil.
2240 1637 2403 1691 Libra
2425 1652 2482 1693 et
2500 1640 2620 1694 Ge·

1626 1710 1783 1764 mini.
1815 1713 1880 1766 C.

1696 1794 1787 1853 48.
1828 1799 1992 1846 Parca
2035 1811 2189 1847 tenax
2226 1801 2377 1866 veri-J
2415 1800 2621 1854 Fatum

1622 1869 1991 1940 ineluctabile,
2007 1874 2403 1932 indeclinabilis
2418 1897 2621 1936 rerum

1622 1953 1787 2006 series
1804 1992 1823 2019 ,
1847 1967 1910 2006 ut
1937 1956 2011 2007 ait
2037 1955 2400 2030 Chrysippus.
2425 1961 2619 2015 Parcae

1620 2034 1944 2088 autem'deoe
1972 2037 2211 2090 satorum
2236 2057 2265 2090 a
2292 2040 2473 2111 poetis
2500 2041 2619 2094 fin-

1618 2129 1841 2186 guntur.
1856 2117 2010 2190 Virg.
2033 2119 2201 2190 eclog.
2223 2121 2339 2172 IV:

1618 2209 1749 2254 Talia
1761 2210 1892 2257 saecla
1904 2213 1997 2258 suis
2016 2211 2235 2260 dixerunt
2250 2250 2263 2270 ,
2280 2215 2453 2264 currite
2464 2252 2479 2274 ,
2490 2217 2616 2265 fusis

1613 2279 1878 2327 Concordes
1934 2282 2092 2330 stabili
2150 2283 2352 2333 fatorum
2410 2290 2614 2337 numine

1736 2354 1907 2401 Parcae.
2450 2362 2505 2405 P.
2542 2414 2545 2419 ¹

1612 2440 1791 2484 ——Seu
1828 2452 1949 2487 nata
1969 2441 2209 2510 fidelibus
2236 2444 2376 2493 hora.
2412 2444 2567 2499 Hora
2592 2487 2609 2512 ‚

1610 2514 1948 2589 horoscopus
1988 2518 2185 2576 dividit
2228 2524 2289 2576 in
2334 2524 2609 2581 Geminos

1612 2595 1861 2666 (signum
1896 2599 2141 2671 zodiaci)
2164 2603 2270 2656 sata
2303 2607 2607 2661 concordia

1609 2689 1793 2730 nostra
1809 2716 1823 2741 ,
1846 2692 1943 2731 etc.
1957 2686 2179 2733 —Hora
2206 2688 2602 2756 natafidelibus.

1610 2756 1905 2831 Hypallage
1938 2799 1955 2825 ‚
1994 2780 2099 2833 pro
2142 2768 2249 2834 qua
2288 2780 2605 2822 nascuntur

1609 2838 1797 2895 fideles
1822 2844 2009 2907 amici,
2036 2864 2159 2916 quae
2186 2864 2277 2899 eos
2302 2852 2437 2901 ποιεῖ
2461 2870 2601 2921 συμ-

1607 2922 1816 2982 παθείας
1854 2924 2130 2987 ἀπταὶςους
2175 2926 2257 2979 καὶ
2294 2924 2599 2991 &mammae

1607 3001 1691 3055 καὶ
1740 3004 2143 3075 ἀνεπηρεάςους,
2179 3018 2243 3059 ut
2288 3008 2362 3059 ait
2402 3008 2597 3063 Ptole-

1604 3098 1792 3133 maeus.
1824 3083 1907 3135 De
1934 3082 2180 3136 Geminis
2199 3122 2216 3147 ‚
2245 3086 2507 3140 Manilius
2528 3108 2543 3139 t

1603 3180 1805 3243 Magnus
1816 3181 1903 3227 erit
1914 3182 2121 3231 Gemiffis
2134 3199 2266 3230 amor
2273 3195 2319 3231 et
2332 3187 2594 3235 concordia

1708 3250 1917 3313 duplex,

1594 3322 1793 3386 Magnus
1816 3336 1865 3370 et
1884 3326 1936 3371 in
1956 3326 2126 3373 multos
2158 3327 2313 3374 veniet
2344 3344 2593 3378 successus

1718 3394 1909 3443 amicos.
2428 3400 2489 3447 C.

1668 3482 1758 3535 50.
1801 3488 2177 3553 Saturnumque¹
2200 3487 2451 3557 gravem]
2484 3487 2591 3543 Sa-

1594 3562 1748 3615 turni
1772 3562 1925 3617 sidus
1958 3584 2119 3637 grave
2146 3580 2202 3619 et
2228 3566 2458 3645 noxium
2484 3568 2588 3622 ha·

1590 3644 1827 3698 bebatur
1854 3648 1925 3698 ob
1955 3646 2309 3719 frigiditatem
2327 3688 2344 3715 ,
2368 3648 2587 3703 siccita-

1591 3738 1701 3779 tem
1720 3738 1774 3779 et
1796 3726 2116 3781 tarditatem.
2144 3727 2335 3782 Horat.
2357 3727 2455 3781 lib.
2482 3730 2547 3782 11
2564 3771 2583 3797 ‚

1590 3806 1679 3859 od.
1722 3826 1801 3879 17.
1836 3810 2036 3863 Juven.
2079 3823 2158 3862 sat
2191 3810 2275 3861 VI
2299 3848 2314 3874 ,
2344 3830 2402 3864 v.
2448 3812 2578 3882 570.

1588 3888 1840 3960 Propert.
1860 3890 1954 3941 lib.
1974 3892 2080 3956 IV,
2102 3890 2233 3963 eleg.
2266 3909 2287 3943 1
2316 3910 2331 3941 z

1588 3983 1856 4045 Felicesque
1872 3986 2001 4036 sevis
2021 3985 2173 4033 stellas
2188 4021 2204 4047 ‚
2218 3986 2488 4051 ‘Martisque
2506 4004 2579 4035 ra·
2626 3988 2635 3995 ‘

1708 4070 1837 4115 pacis
1850 4087 1863 4114 ‚
