2775 4619
615 475 646 535 ἰ’
658 474 745 550 64

1139 465 2088 543 A.P'ER511FLACCI

703 595 878 662 Mire
904 596 1123 685 opifex
1151 599 1441 663 numeris
1467 615 1755 664 veterum
1784 601 2141 690 primordia
2163 611 2397 666 vocum
2418 647 2439 684 ,

701 711 920 798 Atque
958 732 1206 774 marem
1245 713 1589 801 strepitum
1628 713 1774 778 fidis
1808 715 2159 781 intendisse
2192 717 2471 799 Latinae3

701 825 862 890 Mox
882 826 1149 912 juvenes
1179 826 1423 915 agitare
1439 821 1656 914 jocos,
1682 844 1747 894 et
1766 877 1786 911 ,
1815 831 2051 919 pollice
2078 832 2350 898 honesto
2370 881 2391 913 ,
2621 837 2654 894 5

610 992 939 1048 carminibus
953 1029 970 1058 ‚
991 1011 1144 1044 more
1164 1003 1261 1044 tuo
1279 1031 1296 1056 ,
1323 993 1592 1064 egregiam

612 1093 778 1128 navas
805 1071 1076 1144 operam?
1092 1103 1164 1112 —
1194 1073 1380 1122 Tetrico
1418 1076 1597 1124 vivunt

615 1157 728 1215 cibi,
751 1169 839 1205 etc.
858 1154 891 1205 J
893 1171 1052 1206 amne
1066 1153 1356 1225 pulsantur
1369 1153 1592 1208 chorda

612 1235 830 1287 citharae
873 1251 902 1285 a
944 1246 997 1285 te
1014 1232 1039 1284 P
1064 1236 1260 1299 pectine
1299 1236 1467 1283 tetrico
1483 1271 1501 1294 ,
1532 1232 1591 1286 id

611 1328 694 1368 est
709 1353 728 1380 ,
745 1333 928 1386 graves
947 1332 1108 1366 sonos
1127 1312 1411 1367 reddente.
1422 1345 1494 1354 —
1506 1321 1593 1365 Te·

613 1399 760 1448 tricus
787 1397 844 1448 in
873 1395 1124 1470 gravibus
1158 1413 1218 1447 ac
1253 1395 1403 1447 seriis
1430 1414 1590 1466 argu·

611 1477 813 1532 mentis
842 1488 1156 1548 usurpatur.
1185 1474 1246 1525 P.

613 1619 618 1624 ι
684 1559 732 1611 3.
775 1559 900 1610 Mire
945 1558 1114 1624 opifex
1142 1596 1160 1618 ,
1201 1555 1311 1627 eta]
1361 1555 1451 1608 Tu
1492 1557 1591 1628 qui

607 1659 764 1713 mque
799 1640 1009 1712 peritus
1051 1657 1106 1690 es
1146 1635 1451 1690 describere
1482 1638 1591 1708 pri-

604 1717 816 1788 mordia
850 1735 1052 1771 vocum
1070 1755 1086 1780 ‚
1114 1729 1273 1788 atque
1305 1715 1591 1768 intendere

603 1799 895 1872 strepitum
923 1811 1128 1851 marem
1146 1797 1272 1851 fidis
1286 1797 1505 1850 Latinae.
1516 1827 1589 1838 --

611 1881 796 1947 Opfieae
843 1883 1100 1931 intendisse
1132 1882 1412 1946 primordia
1430 1918 1449 1940 ,
1489 1895 1585 1932 etc.

604 1960 972 2013 Hellenismus
985 1997 1002 2024 ,
1021 1978 1124 2030 pro
1147 1959 1509 2032 peritissimus
1528 1959 1586 2010 in

603 2039 946 2094 intendendo
963 2077 980 2104 ,
1019 2052 1204 2091 etc.-—
1220 2045 1446 2090 Veterum
1482 2041 1590 2106 pri·-

607 2124 802 2172 mordia
821 2139 1016 2170 vocum.
1034 2118 1139 2171 Vel
1169 2117 1320 2190 quod
1341 2119 1593 2192 antiqua2

604 2202 722 2253 rius
753 2199 921 2251 fuerit
949 2199 1084 2251 Caes.
1125 2199 1316 2252 Bassus
1333 2235 1350 2263 ,
1379 2210 1435 2250 et
1458 2199 1595 2252 anti-

606 2279 735 2353 quis
782 2277 1118 2333 dictionibus
1172 2296 1302 2331 usus
1352 2279 1424 2331 sit
1449 2317 1467 2343 ,
1504 2278 1590 2333 vel

610 2360 763 2433 quod
797 2366 1047 2432 poemata
1085 2358 1361 2430 scripserit
1385 2379 1400 2411 ε
1430 2379 1553 2413 nam
1570 2399 1590 2428 ‚

605 2452 732 2495 ante
758 2438 1056 2511 prosaicam
1081 2436 1409 2501 dictionem,
1434 2439 1591 2509 cujus

604 2518 758 2593 apud
781 2519 996 2571 Graecos
1015 2517 1226 2589 primus
1244 2531 1437 2570 auctor
1453 2517 1593 2571 Phe·

603 2598 834 2673 recydes
863 2598 970 2652 fuit
987 2636 1004 2663 ‚
1027 2598 1266 2651 carmina
1285 2596 1593 2651 condeban-

608 2694 724 2735 tur.
751 2681 895 2732 Lub.
911 2710 984 2719 —
999 2684 1049 2727 V
1042 2694 1102 2730 et.
1119 2682 1270 2746 prim.
1295 2699 1499 2730 vocum.
1522 2678 1590 2732 Id

607 2774 728 2825 est,
751 2761 1015 2825 carmina,
1051 2778 1170 2831 quae
1201 2771 1326 2829 ante
1359 2761 1593 2813 solutam

612 2842 912 2895 orationem
929 2853 982 2895 et
1001 2840 1178 2893 Graeci
1197 2852 1251 2891 et
1267 2840 1448 2892 Latini
1462 2840 1595 2893 fuis·

610 2932 977 2983 setestantur.
1007 2946 1030 2967 ι
1052 2918 1383 2985 His-verbis,
1410 2920 1594 2993 inquit

613 3028 639 3050 ι
661 3002 902 3055 Turneb.
952 2999 1180 3054 Advers.
1233 3000 1331 3051 lib.
1391 3001 1549 3053 XXX
1574 3038 1591 3066 ,

613 3108 636 3131 ι
661 3101 780 3152 cap.
811 3102 844 3153 7
861 3119 878 3145 ‚
901 3081 1190 3153 significari
1209 3094 1346 3152 puto
1364 3080 1590 3133 Bassum

611 3188 635 3225 ,ι
659 3168 876 3233 poetam
893 3180 1006 3215 esse
1026 3161 1281 3234 lyricum.
1298 3162 1479 3233 Lyrici
1500 3180 1595 3215 au·

615 3268 638 3290 e
659 3255 770 3295 tem
799 3240 979 3312 primo
1010 3242 1208 3305 Divos,
1237 3254 1294 3293 et
1328 3242 1592 3295 virtutem

613 3348 638 3369 α
664 3323 932 3375 victorum
949 3322 1009 3373 in
1027 3322 1186 3373 sacris
1208 3321 1594 3374 certaminibus

617 3429 639 3448 ι
664 3402 902 3453 carmine
941 3400 1306 3466 extollebant;
1335 3414 1499 3471 atque
1534 3420 1595 3455 ea

619 3507 641 3529 α
665 3493 796 3533 sunt
813 3496 1038 3532 veterum
1052 3486 1330 3549 primordia
1349 3502 1549 3533 vocum.
1566 3506 1589 3529 ι

613 3561 746 3629 yid.
766 3562 906 3615 infra
924 3581 1037 3616 var.
1055 3563 1185 3615 lect.
1202 3565 1268 3614 A.

1742 1003 1795 1059 4.
1823 1002 1991 1064 Atque
2021 1017 2208 1048 mat-em
2236 1001 2527 1066 smpitumo]
2553 997 2652 1050 So-

1668 1077 1777 1129 lers
1804 1079 2039 1131 scribere
2067 1080 2207 1132 forte
2236 1087 2291 1132 et
2319 1097 2653 1150 generosum

1670 1176 1885 1212 carmen
1912 1159 2145 1232 lyricum
2172 1161 2234 1212 in
2268 1178 2382 1232 quo
2410 1161 2649 1212 heroum

1668 1257 1865 1310 nempe
1890 1253 1945 1292 et
1970 1239 2219 1292 virorum
2250 1239 2483 1292 fortium
2506 1257 2649 1310 prae-

1670 1320 1811 1372 clara
1844 1320 1984 1373 facta
2022 1334 2314 1374 canuntur.
2353 1319 2545 1374 Horat.
2579 1318 2652 1372 de

1668 1401 1799 1452 Arte
1816 1399 1973 1452 Poet.

2077 1450 2087 1476 Ι

1669 1506 1804 1552 Musa
1834 1505 1963 1551 dedit
1985 1505 2156 1552 fidibus
2180 1505 2327 1552 Divos
2342 1538 2358 1560 ,
2382 1521 2657 1568 puerosque

1793 1578 2002 1623 Deorum

1668 1649 1727 1694 Et
1743 1647 1949 1710 pugilem
1965 1646 2191 1694 victorem
2203 1682 2217 1705 ‚
2241 1657 2289 1694 et
2304 1662 2479 1708 equum
2496 1658 2657 1694 certa-

1793 1718 1917 1764 mine
1938 1717 2141 1780 primum
2155 1753 2170 1774 ,
2608 1727 2613 1736 “

1666 1791 1727 1837 Et
1748 1791 1975 1852 juvenum
2006 1806 2138 1837 curas
2152 1825 2166 1847 ,
2187 1800 2236 1837 et
2262 1788 2409 1836 libera
2433 1789 2546 1836 vina
2576 1806 2661 1837 re-

1711 1861 1719 1868 ’
1786 1860 1921 1908 ferre.
2518 1863 2574 1906 P.

1665 1989 1738 2000 -—
1754 1960 1884 2008 Fidis
1924 1960 2133 2007 Latina.
2174 1955 2343 2028 Apud
2388 1955 2613 2008 Graecos
2638 1996 2657 2021 ,

1667 2039 1825 2112 lyrici
1843 2044 2016 2109 poeta
2037 2056 2235 2089 novem
2250 2050 2659 2102 memorantur,

1670 2117 2029 2180 Stesichorus,
2048 2114 2381 2168 Bacchilides
2394 2153 2411 2180 ,
2432 2116 2627 2169 lhicus
2643 2154 2664 2181 ,

1670 2195 1939 2250 Pindarus·
1951 2233 1968 2260 ,
1989 2195 2317 2257 Simonides,
2336 2197 2627 2249 Anacreon
2642 2234 2661 2261 ,

1667 2279 1889 2333 Alcman
1906 2316 1925 2343 ,
1949 2277 2155 2330 Alcaeus
2170 2315 2187 2341 ,
2218 2289 2273 2329 et
2292 2275 2547 2349 Sapph03
2572 2291 2631 2331 at
2646 2319 2661 2340 ,

1666 2358 1816 2431 apud
1853 2358 2076 2411 Latinos
2090 2394 2106 2418 ,
2134 2356 2247 2410 duo
2284 2369 2499 2409 tantum
2544 2358 2659 2410 cla-

1668 2451 1931 2503 ruerunt,
1955 2437 2245 2504 Horatius,
2267 2451 2320 2491 et
2343 2438 2435 2491 hic
2456 2440 2662 2491 Caesius

1670 2523 1859 2575 Bassus
1874 2560 1893 2587 ‚
1912 2523 2071 2593 cujus
2092 2539 2269 2572 sermo
2292 2538 2441 2571 nunc
2458 2532 2555 2571 est.

1746 2603 1798 2655 5.
1832 2607 1957 2653 Mox
1988 2605 2191 2671 juvenes
2232 2603 2425 2669 agitare
2456 2603 2621 2669 jocos.
2640 2605 2663 2669 ]

1668 2684 1806 2736 Mox
1838 2682 2009 2754 lyram
2048 2693 2199 2732 tuam
2234 2678 2304 2733 ad
2337 2680 2547 2733 leviora
2572 2700 2661 2733 ar-

1670 2756 1924 2835 gumenta
1954 2760 2213 2815 intendis.
2247 2762 2374 2813 Haec
2404 2775 2665 2832 spectant

1672 2844 1743 2897 ad
1766 2842 1973 2915 ἐρωτικὰ
1990 2881 2007 2907 ,
2028 2843 2233 2914 quibus
2258 2840 2533 2913 juveniles
2560 2861 2660 2895 cu-

1670 2942 1744 2977 1·ae
1769 2961 1787 2987 ,
1820 2941 2031 2975 amores
2052 2960 2071 2988 ,
2102 2919 2224 2975 ludi
2268 2932 2563 2973 canuntur.
2585 2953 2660 2961 —

1672 3008 1763 3063 Et,
1779 3005 1960 3078 pollice
1979 3005 2191 3051 honesto.
2209 3000 2281 3053 Et
2302 2999 2504 3052 decoro
2524 3008 2660 3071 po&-

1672 3095 1815 3137 mate
1858 3082 2099 3153 egregios
2144 3099 2296 3135 senes
2348 3099 2661 3151 eorumque

1668 3164 1801 3217 sales
1816 3201 1833 3226 ,
1854 3177 1907 3215 et
1928 3162 2181 3216 convivia
2202 3160 2496 3213 celebrare.
2518 3160 2663 3225 Quae

1670 3243 1837 3314 igitur
1850 3242 2075 3295 Horatio
2093 3246 2245 3293 libera
2263 3244 2409 3300 vina,
2425 3241 2535 3293 hoc
2551 3254 2661 3307 est,

1674 3324 1959 3394 συμποτικὰ
1996 3326 2287 3394 ἀςείσματα
2311 3363 2326 3388 ,
2361 3335 2417 3375 et
2463 3322 2659 3375 laudes

1674 3404 1796 3457 vitae
1816 3403 1997 3455 senilis
2022 3402 2139 3453 otio
2159 3414 2213 3453 et
2231 3400 2405 3473 quieti
2428 3399 2663 3453 redditae

1673 3483 2045 3553 pulcherrime
2092 3481 2353 3553 expressit
2401 3480 2623 3533 Persius
2644 3518 2663 3544 ,

1674 3562 1758 3615 his
1774 3562 1953 3617 verbis
1968 3599 1985 3627 ‚
2006 3562 2074 3621 et,
2084 3563 2504 3631 polliceakonesco,
2526 3580 2665 3628 egre-

680 3718 745 3762 'V.
777 3717 820 3763 3.
853 3718 1048 3763 Vocum.
1087 3714 1301 3762 Restitui
1335 3732 1402 3763 ex
1432 3716 1578 3768 codd.
1614 3727 1663 3763 et
1695 3716 1834 3763 editt.
1874 3715 2112 3780 antiquis.
2142 3725 2241 3763 vet.
2272 3712 2432 3761 schol.
2469 3724 2521 3761 et
2546 3724 2661 3779 post

618 3814 735 3845 eum
761 3795 906 3843 editt.
934 3796 1260 3852 recentiores,
1281 3813 1442 3845 rerum
1454 3815 1476 3854 ‚·
1501 3808 1559 3845 ut
1585 3799 1647 3844 sit
1680 3814 1853 3845 sensus
1875 3813 1890 3844 ε
1910 3798 2035 3844 mire
2066 3796 2238 3861 opifex
2265 3794 2527 3843 intendere
2560 3796 2663 3859 pri-

615 3874 809 3923 mordia
823 3890 990 3920 rerum
999 3907 1014 3931 ,
1031 3873 1277 3936 originem
1289 3890 1457 3921 rerum
1470 3875 1704 3939 pandere,
1716 3876 1961 3946 θεογονίαν
1984 3885 2035 3923 et
2052 3874 2373 3945 κοσμογούίαν
2386 3874 2659 3923 celebrare.

612 3956 735 4002 ‘Haec
751 3953 1024 4017 explicatio
1036 3952 1203 3999 minus
1220 3953 1284 3999 ad
1301 3970 1408 4011 rem
1426 3954 1553 4001 mihi
1572 3949 1795 4014 videtur,
1813 3967 1862 4005 et
1876 3973 1980 4005 vox
1999 3972 2161 4005 rerum
2188 3956 2460 4019 repositam
2476 3958 2664 4019 opinot

601 4034 676 4101 ¹in
696 4034 808 4080 cod.
829 4043 927 4079 vet.
951 4031 1110 4080 schol.
1130 4032 1194 4079 ab
1215 4034 1532 4082 emendatore
1552 4036 1735 4096 sciolo,
1756 4038 1845 4101 qni
1863 4038 1967 4085 vim
1989 4036 2172 4101 prioris
2189 4036 2422 4082 lectionis
2442 4051 2557 4083 non
2574 4050 2663 4101 pe÷

617 4116 757 4182 nitus
773 4113 1099 4182 intelligebat.
1121 4116 1443 4180 Quapropter
1468 4117 1614 4185 codd.
1634 4129 1922 4169 nostrorum
1943 4118 2210 4167 lectionem
2233 4117 2411 4181 recepi.
