2775 4619
640 458 773 534 ²14
964 453 1189 521 JANI
1239 453 1630 521 DOUSAE
1679 456 2340 528 SCHEDIASMA

628 583 767 649 post
784 572 1119 629 exturbatos
1144 574 1275 628 illos
1290 576 1562 631 alumnos
1583 576 1836 646 Remuh‘,
1857 576 2014 647 loco,
2030 576 2292 649 hercule,
2307 578 2696 639 alienissimo

627 669 945 741 collocati3
987 668 1253 749 inibique
1290 674 1477 747 exige?
1513 692 1623 749 pro
1669 675 1815 731 exiit
1829 716 1852 745 ,
1895 674 2066 735 nullo
2113 676 2396 735 existente
2447 678 2696 737 idoneo

629 787 805 828 sensu
826 812 845 839 ‚
874 769 1260 847 incogitanter
1284 771 1676 849 suppositum.
1703 774 1825 829 Nec
1862 773 2058 831 minor
2089 774 2152 833 in
2185 774 2445 835 editione
2470 780 2692 834 Auso-

626 871 801 929 niaua
846 866 1101 927 turbatio
1122 911 1140 940 ,
1186 889 1319 947 quae
1365 872 1534 927 exilit
1575 868 1753 929 habet
1776 912 1794 941 ,
1834 881 1894 929 et
1941 890 2147 929 versus
2195 872 2481 951 gemellos
2533 874 2690 932 illos

629 968 898 1048 proxime
928 980 1311 1039 memoratos,
1336 981 1472 1027 ante
1501 980 1620 1026 tres
1648 966 1792 1027 istos
1810 1010 1828 1039 ,
1860 988 2012 1047 quos
2041 970 2104 1028 in
2133 971 2427 1030 catalectis
2453 992 2688 1051 paren—

602 1114 615 1123 .
628 1065 783 1124 thesi
803 1062 1151 1123 interclusos
1172 1065 1459 1136 diximus,
1485 1067 1634 1143 quid
1652 1080 1978 1143 reputemus
1997 1068 2152 1125 enim
2166 1072 2202 1125 Ρ
2223 1082 2328 1126 etc.
2355 1089 2688 1147 perperam

628 1162 944 1241 dispositos
965 1176 1363 1241 repraesentat,
1386 1166 1536 1233 cum,
1559 1176 1695 1243 post
1719 1171 1902 1243 eopse'
1919 1166 2062 1225 istos
2087 1165 2366 1227 collocari
2385 1166 2680 1227 debeant.

624 1260 796 1320 Idem
824 1260 999 1319 etiam
1026 1260 1101 1319 de
1128 1280 1300 1319 versu
1326 1260 1434 1320 illo
1464 1261 1692 1321 dictum
1717 1264 1898 1341 cupio
1915 1304 1936 1335 ‚

979 1370 1161 1419 Omnia
1184 1370 1438 1421 bellorum
1459 1370 1591 1421 terra
1615 1371 1847 1437 quesita,
1865 1371 2088 1437 marique
2101 1406 2120 1432 ,

632 1462 737 1543 qui
754 1506 772 1535 ‚
801 1477 1043 1543 propter
1076 1484 1312 1523 omnem
1333 1467 1652 1525 verborum
1673 1486 1742 1525 ac
1765 1468 2183 1527 sententiarum
2211 1467 2479 1529 ordinem
2499 1511 2520 1543 ,
2548 1490 2684 1529 non

630 1563 781 1623 bene
804 1563 1137 1641 praemissus
1170 1563 1387 1643 legitur
1411 1564 1750 1625 hexametro
1771 1564 1870 1624 isti
1885 1608 1904 1637 ,

984 1674 1097 1738 Ipsa
1124 1673 1263 1723 domi
1288 1674 1448 1741 leges,
1473 1685 1524 1724 et
1549 1674 1698 1725 Graia
1725 1675 1934 1725 iuventa
1959 1685 2230 1727 reu-actam
2243 1710 2260 1736 ,
2285 1686 2380 1727 etc.

624 1769 737 1848 qui
752 1812 769 1840 ‚
800 1768 849 1827 si
878 1768 1060 1829 modo
1090 1782 1246 1829 recte
1280 1772 1569 1831 rationem
1605 1770 1909 1831 instituere
1943 1772 2194 1831 velimus
2210 1816 2228 1844 ‚
2253 1750 2536 1845 eumdem
2565 1764 2679 1833 an-

626 1867 895 1927 tecedere
921 1866 1223 1929 debuerat.
1248 1869 1345 1927 Ad
1372 1869 1652 1929 ulteriora
1677 1889 1856 1948 porro
1881 1868 2126 1949 gradum
2153 1888 2548 1949 capessamus.

632 2025 691 2067 v,
732 2000 841 2067 35.
882 2000 1079 2067 Nunc
1114 2002 1315 2093 igitur
1344 2002 1462 2093 qui
1499 2018 1600 2068 oes
1629 2003 1961 2068 Romanas·
1980 2002 2259 2091 imperat
2282 1976 2534 2093 intem]-

708 2134 859 2195 Mira
903 2134 1231 2195 Latinitatis
1270 2136 1419 2195 ratio
1443 2180 1460 2208 ,
1503 2148 1580 2206 et,
1605 2156 1728 2195 non
1767 2136 1953 2195 nostri
1993 2134 2279 2195 stomachi
2320 2155 2472 2215 aegre
2513 2138 2672 2193 hanc

632 2233 821 2313 ipsam
850 2234 1191 2312 coquentis:
1224 2234 1643 2313 quamobrem,
1674 2246 1906 2315 tempus
1929 2232 2073 2304 fuit,
2105 2234 2245 2290 cum
2273 2252 2364 2297 ’,τε
2388 2232 2532 2290 istas
2554 2237 2680 2291 Ro-

632 2353 846 2390 manas
870 2333 951 2390 ita
979 2331 1412 2411 interpolandas
1441 2345 1708 2410 putarem
1731 2355 1746 2390 :
1985 2313 2005 2334 '

981 2441 1135 2490 Nunc
1160 2440 1316 2506 igitur
1341 2442 1433 2506 qni
1459 2457 1550 2490 rex
1575 2443 1828 2492 Romanos
1849 2440 2063 2508 imperat
2087 2441 2246 2500 inter,

570 2521 575 2526 ⁸
628 2548 699 2596 ut
734 2535 1021 2615 invidiose
1054 2537 1375 2618 Domitiani
1409 2527 1728 2616 plusquam
1765 2537 1991 2617 regium
2019 2536 2391 2596 dominatum
2429 2535 2675 2614 sugillet

630 2635 855 2715 poetria
888 2646 1120 2694 nostra:
1149 2647 1279 2694 tum
1316 2635 1573 2715 phrasim
1609 2635 1774 2693 illam
1793 2679 1812 2706 ‚
1848 2639 2102 2712 imperat
2137 2636 2286 2692 inter
2319 2637 2625 2691 Romanos
2641 2673 2666 2704 ‚

629 2733 714 2792 sic
740 2734 957 2793 dictam
982 2720 1436 2812 interpretemur
1453 2777 1472 2804 ‚
1509 2733 1814 2813 quomodo
1841 2731 2128 2812 Propertii
2157 2730 2355 2809 istudg

986 2844 1054 2892 Ut
1079 2825 1283 2908 regnem
1308 2843 1488 2892 mixtas
1511 2841 1644 2892 inter
1667 2842 1881 2894 conviva
1906 2841 2116 2906 puellas.

625 2937 741 2998 nisi
770 2938 821 2998 si
848 2938 985 3018 quis
1000 2981 1019 3010 ‚
1050 2951 1340 3016 temperat
1362 2939 1604 2998 rescribi
1639 2937 1950 3008 maluerit,
1979 2936 2144 3016 quod
2171 2936 2350 2995 etiam
2385 2934 2514 2994 sine
2545 2933 2672 2992 ulla

625 3037 1055 3116 praepositionis
1086 3037 1332 3108 virtute,
1360 3037 1641 3094 Romanis·
1686 3033 1862 3114 ipsis,
1891 3033 2204 3093 accusandi
2243 3051 2383 3092 casu
2421 3029 2634 3108 positis
2648 3073 2666 3102 ‚

626 3135 1021 3213 temperandis
1048 3145 1136 3194 sat
1161 3155 1285 3194 esse
1314 3135 1518 3213 possit.
1549 3134 1668 3194 Sed
1695 3153 1834 3192 vero
1856 3177 1874 3206 ‚
1897 3135 2049 3190 inter
2067 3131 2228 3191 istud
2245 3173 2263 3202 ‚
2286 3141 2520 3189 tantum
2543 3149 2669 3188 nou

626 3233 936 3292 cerebrum
954 3233 1178 3292 excutit
1190 3233 1389 3292 nobis:
1411 3246 1471 3292 et
1487 3233 1706 3293 mirum
1721 3232 1816 3302 ni,
1839 3230 2065 3292 ratione
2083 3229 2332 3308 poetica,
2347 3239 2508 3286 retro
2525 3231 2668 3286 cum

622 3339 700 3403 τῷ
740 3349 848 3386 mx
883 3329 1347 3388 construendum
1364 3345 1387 3401 ·‚
1423 3341 1494 3387 ut
1531 3349 1606 3386 ne
1648 3329 1712 3386 id
1755 3327 1999 3405 quidem
2038 3325 2380 3386 Domitiano
2414 3323 2666 3402 >dignum

614 3425 841 3486 habeat
860 3424 1121 3504 Sulpicia
1136 3467 1155 3495 ,
1182 3447 1363 3505 quem
1376 3427 1472 3486 vel
1493 3425 1824 3506 legitimum
1849 3445 2048 3505 regem
2063 3423 2349 3503 appellet,
2377 3421 2632 3480 innuens
2647 3461 2663 3491 ,

606 3539 777 3604 ,puto
792 3567 809 3595 ‚
841 3524 1233 3603 principatum
1258 3524 1387 3599 ejus
1410 3525 1580 3584 brevi
1604 3525 1976 3603 dilapsurmn
1995 3567 2016 3596 ,
2041 3523 2106 3580 id
2135 3521 2302 3600 quod
2331 3521 2509 3578 etiam
2533 3518 2665 3578 Cal-

624 3624 830 3701 liopen
854 3642 1021 3680 suam
1046 3613 1458 3680 vaticinantem
1483 3622 1714 3682 inducit
1739 3633 1942 3700 postea
1962 3664 1982 3692 ‚
2008 3640 2204 3698 neque
2237 3617 2430 3676 multo
2459 3634 2628 3675 secus
2642 3658 2658 3685 ,

622 3723 803 3802 quam
848 3721 897 3778 si
936 3741 1075 3778 cum
1114 3719 1426 3798 interregia
1473 3731 1760 3799 potestate
1807 3738 2052 3778 summae
2097 3737 2298 3776 rerum
2335 3713 2668 3794 praefuisset

543 3851 547 3856 ·
625 3819 809 3878 modo
828 3861 846 3890 ‚
876 3817 1127 3898 imperio
1157 3817 1508 3876 excisurum.

626 3964 686 4006 v.
725 3939 832 4028 39.
870 3939 1051 4024 Quid
1096 3939 1427 4006 facimus?
1465 3941 1693 4008 Graios
1713 3990 1734 4026 ,
1765 3938 2246 4030 bominumque
2279 3936 2664 4026 reliquimus

954 4040 1193 4130 urbes]

699 4163 931 4226 Salsum
954 4184 1023 4226 ac
1052 4165 1383 4242 satiricum,
1412 4164 1580 4248 quasi
1609 4159 1747 4226 vetio
1775 4185 1898 4227 non
1923 4162 2038 4225 alia
2063 4162 2224 4224 natio
2252 4157 2435 4245 quam
2463 4163 2659 4222 Graeca
