2775 4619
335 529 1354 691 COMMENTARH
1412 554 2025 661 VETERES

836 801 965 878 IN
1031 800 1534 892 SATIRAS

584 1015 688 1100 A.
747 1011 1198 1100 PERSII
1259 1011 1786 1127 FLACC1‚

232 1245 350 1300 Ex
391 1243 1050 1301 VETUSTISSIMO
1097 1215 1616 1300 EXEMPLARI
1660 1245 1724 1299 P.
1772 1243 2145 1301 PITHOEI.

906 1461 1473 1480 ”Nm-mmmm„

670 1621 774 1677 IN
824 1622 1256 1679 SATIRAM
1305 1607 1715 1680 PRIM'AM.

983 1789 1060 1820 DE
1101 1787 1407 1821 VLTIBUS·

264 1919 338 1970 In
351 1917 589 1990 prolog.
616 1933 673 1969 v.
707 1932 763 1988 9.
800 1913 988 1968 Verba
1017 1924 1210 1967 nostra
1240 1901 1485 1990 conciti]
1518 1915 1626 1984 Et,
1658 1914 1945 1983 blandiri,
1980 1907 2209 1992 legi'tur.

261 2024 333 2078 V.
373 2030 465 2090 14.
491 2021 829 2095 Pegaseium
861 2019 1081 2096 melosa]
1107 2021 1176 2076 In
1207 2017 1334 2075 aliis
1359 2031 1480 2090 est,
1512 2034 1728 2076 nectar.
2062 2017 2091 2048 ⁸

267 2119 340 2171 In
361 2118 608 2172 satiram
626 2120 693 2185 I,
719 2135 774 2172 v.
805 2113 893 2171 15.
920 2117 1211 2187 Quantum
1236 2116 1399 2171 estin
1417 2117 1581 2171 rebus
1598 2116 1815 2194 inane]
1838 2120 2107 2174 Graecum
2128 2128 2215 2175 est

195 2213 295 2263 ὅσον
316 2215 372 2266 τὸ
395 2215 551 2265 κενόν.
838 2269 845 2292 ι
1155 2281 1162 2288 .

265 2302 338 2356 V.
386 2320 443 2356 2.
499 2301 641 2373 Quis
687 2303 837 2381 leget
871 2299 1082 2378 hoec?]
1131 2301 1304 2359 Hunc
1352 2320 1588 2359 versum
1636 2299 1710 2359 de
1752 2299 1987 2359 Lucillii
2022 2301 2215 2382 primo
2289 2329 2294 2336 ·

191 2396 501 2453 transtulit.
674 2458 679 2467 ⁴
1473 2449 1476 2455 .
1583 2444 1593 2458 .

265 2495 337 2549 V.
369 2502 423 2561 l..
452 2492 833 2569 Labeonem]
863 2492 1058 2550 Labeo
1093 2492 1396 2562 transtulit,
1420 2492 1602 2550 Iliada
1643 2506 1702 2551 et
1742 2494 2065 2571 odysseam
2090 2498 2220 2551 &er-

195 2588 333 2646 bum
361 2610 436 2647 ex
461 2590 639 2647 verbo
657 2634 674 2660 ‚
699 2590 947 2647 ridicule
971 2590 1058 2667 (ι)
1081 2592 1213 2647 satis
1228 2633 1245 2660 ,
1269 2591 1435 2668 quod
1462 2592 1636 2649 verba
1664 2593 1863 2670 potius
1884 2589 2064 2669 quam
2089 2612 2222 2649 sen-

196 2704 320 2743 sum
349 2698 588 2745 secutus
613 2688 705 2745 sit.
731 2689 870 2766 Ejus
898 2700 984 2744 est
1009 2686 1110 2744 ille
1134 2706 1334 2745 versus
1357 2708 1370 2743 ε

542 2805 768 2853 Crudum
793 2805 1062 2854 manduces
1085 2777 1336 2853 Priamum
1353 2839 1366 2863 ,
1394 2805 1673 2869 Priamique
1698 2804 1959 2869 phisingos
1980 2802 2078 2870 (a).

265 2910 337 2964 V.
375 2910 434 2965 6.
471 2912 808 2965 Examenve
841 2908 1214 2986 improbum]
1257 2910 1513 2966 Examen
1545 2920 1632 2966 est
1660 2908 1861 2985 lingua
1893 2906 2115 2985 (3)‚vel
2142 2907 2222 2965 li·
2258 2935 2265 2943 ,

199 3024 372 3081 gnum
387 3048 403 3075 ‚
427 3005 592 3081 quod
610 3005 863 3063 mediam
889 3004 1112 3063 hastam
1131 3004 1204 3061 ad
1223 3005 1486 3082 pondera
1503 3004 1865 3081 adaequanda
1882 3017 2059 3062 tenet.
2082 3003 2225 3061 Cas-

198 3100 368 3178 tigare
392 3115 592 3161 autem
611 3116 699 3160 est
718 3103 902 3181 digito
920 3102 1131 3160 libram
1151 3116 1456 3181 percutere
1476 3146 1491 3173 ‚
1512 3115 1581 3160 ut
1608 3114 1969 3181 temperetur
1985 3145 2001 3172 ‚
2028 3115 2086 3161 et
2109 3122 2227 3181 prae

198 3200 669 3279 agitatione-post
692 3221 930 3279 aequum
961 3202 1358 3279 conquiescat.
1390 3202 1633 3259 Trutina
1655 3220 1793 3259 vero
1819 3213 1906 3259 est
1933 3200 2195 3259 foramen
2216 3244 2232 3271 ‚

197 3294 340 3354 intra
367 3298 535 3377 quod
565 3310 654 3355 est
678 3296 902 3376 lingula
920 3342 936 3369 ‚
967 3298 1041 3355 de
1069 3318 1188 3376 qua
1216 3298 1565 3356 examinatio
1594 3311 1698 3356 est.

271 3407 342 3460 V.
385 3426 444 3481 9.
490 3409 766 3463 Nostrum
809 3406 963 3460 istud
993 3408 1187 3461 vivere
1219 3403 1415 3481 trista]
1458 3404 1669 3481 Figura
1710 3409 1912 3465 Graeca
1958 3416 2044 3462 est
2061 3446 2077 3475 ‚
2118 3422 2226 3481 pro

204 3512 456 3558 nostram
483 3501 664 3557 vitam
691 3499 936 3558 tristem.

273 3608 342 3661 V.
373 3627 394 3661 1
413 3628 436 3662 1
451 3648 466 3662 .
497 3584 639 3662 Ciam
657 3608 919 3680 sapimus
923 3605 1214 3683 patruos]
1231 3606 1326 3664 Sic
1343 3606 1575 3665 Cicero:
1605 3607 1939 3681 objurgavit
1954 3606 2219 3671 Coelium,

209 3714 266 3757 ut
282 3707 522 3778 quidam
533 3718 787 3780 patruus
819 3706 1050 3762 Censor.

277 3813 345 3865 V.
381 3830 474 3867 12.
506 3812 807 3867 Petulanti
835 3814 1034 3885 splene
1071 3812 1397 3889 cachinno]
1437 3810 1735 3870 Cachinno
1776 3810 1993 3865 nomen
2022 3817 2144 3876 est,
2176 3817 2235 3863 et

210 3902 528 3966 declinatur
556 3893 662 3984 per
683 3926 888 3965 omnes
913 3927 1116 3985 casus2
1137 3908 1234 3965 hic
1262 3908 1561 3965 Cachinno
1579 3950 1596 3976 ‚
1622 3906 1801 3984 hujus
1823 3902 2230 3960 CachinnoniS.

211 4002 534 4064 cachinnus
555 4016 642 4063 est
660 4024 798 4061 cum
811 4024 954 4063 voce
972 4007 1122 4063 risus
1141 4004 1439 4077 lascivior,
1462 4024 1641 4080 quem
1653 4002 1837 4061 Graeci
1860 3991 2238 4072 μονογερόντας*
