2775 4619
560 486 568 495 ο
893 390 1292 476 SAT'IRA‘
1359 390 1461 457 V.'
1524 407 1534 417 ‘
1631 410 1647 422 ²
2074 402 2212 483 ⁸117.

253 517 321 583 Si
351 516 596 605 quibus
615 532 734 581 aut
766 515 1084 598 Procnes,
1113 533 1224 581 aut
1251 518 1305 586 si
1337 515 1577 603 quibus
1604 516 1743 581 olla·
1761 516 2056 605 Thyestae

255 624 590 714 Fervebit‚
616 654 783 721 saepe
819 633 1067 696 insulso
1101 630 1413 696 coenanda
1448 630 1770 719 Glyconi:

253 748 354 811 Tu
381 770 596 835 neque
621 748 983 827 anhelanti,
1009 748 1314 835 coquitur
1341 746 1499 811 dum
1528 770 1730 811 massa
1752 748 2040 831 camina,
2134 776 2203 811 ιο

255 863 436 928 Folle
462 859 703 953 premis
729 879 994 945 ventos3
1022 884 1144 927 nec
1160 910 1179 943 ,
1209 862 1427 927 clauso
1455 854 1790 928 murmure
1816 885 2050 928 raucus
2066 912 2088 945 ‚

244 1080 292 1132 8.
331 1081 384 1129 Si
411 1080 588 1148 quibus
620 1090 713 1126 aut
742 1081 982 1135 Procnes,
1011 1077 1142 1143 eta]

178 1158 228 1210 Si
245 1158 346 1211 illis
374 1171 468 1210 aut
495 1156 602 1209 olla
628 1156 860 1208 Procnes
871 1194 892 1225 ,
921 1167 1015 1206 aut
1036 1154 1142 1206 olla

178 1236 416 1309 Thyestae
451 1231 702 1289 fervebit.
735 1240 934 1285 Fervere
961 1249 1143 1287 autem
1188 1266 1190 1269 >

173 1315 274 1368 illis
283 1318 480 1369 dicitur
488 1319 588 1367 olla
597 1314 830 1367 Procnes
841 1326 934 1367 aut
943 1314 1064 1387 Thy
1071 1333 1146 1365 es-

178 1410 236 1449 tae
265 1436 279 1463 ,
326 1397 424 1470 qui
472 1408 815 1467 componunt
865 1393 1145 1465 tragoedias

176 1477 254 1529 vel
291 1476 358 1531 de
387 1478 600 1541 Tere0,
631 1477 727 1547 qui
765 1476 944 1527 filium
985 1493 1147 1527 suum

178 1558 296 1630 Ityn
314 1558 412 1609 sibi
435 1576 462 1609 a
483 1556 694 1609 Procne
723 1556 1034 1627 appositum
1053 1557 1150 1607 im·

179 1638 412 1709 prudens
441 1636 556 1691 edit
573 1675 590 1701 ‚
613 1636 696 1690 vel
729 1634 796 1689 de
819 1638 985 1688 Atreo
1014 1636 1147 1707 qui,

181 1717 432 1770 similibus
474 1717 684 1791 epulis,
711 1716 760 1766 T
761 1716 1006 1789 hyestatn
1045 1716 1151 1768 fra·

183 1810 307 1851 trem
337 1800 505 1871 pavit.
529 1798 705 1851 Plaut.
729 1795 974 1849 Rudent.

235 1892 549 1939 Scelestiorem
573 1907 748 1939 coenam
772 1890 947 1937 coenavi
967 1901 1091 1936 tuam
1105 1925 1120 1945 ,

183 1962 323 2020 Quam
349 1980 452 2024 quae
473 1964 687 2021 Thyestae
710 1962 947 2023 quondam
965 1972 1155 2023 antepo-

293 2034 377 2079 sita
395 2044 468 2080 est
493 2043 539 2080 et
561 2034 726 2079 Tereo.

181 2119 256 2173 De
272 2120 352 2172 his
375 2118 580 2173 fabulis
596 2157 612 2183 ‚
633 2118 744 2173 vid.
760 2116 921 2173 ovid.
935 2119 1154 2180 Metam.

181 2198 269 2251 lib.
294 2202 373 2252 VI
391 2240 408 2265 ,
432 2200 544 2252 fab.
568 2218 599 2269 7
615 2238 632 2265 ,
654 2212 708 2253 et
729 2199 917 2253 Senec.
939 2200 1152 2271 Tragic.

182 2278 238 2332 in
257 2280 511 2354 Thyeste.
543 2284 601 2334 C.
679 2308 682 2314 ·

247 2382 292 2431 9.
307 2370 442 2430 Soepe
459 2367 638 2414 insulso
651 2365 894 2413 coenanda
909 2363 1146 2433 Glyconi]

182 2441 291 2493 Olla
305 2442 539 2496 Procnes
558 2455 611 2496 et
623 2443 872 2516 Thyestae
892 2461 1030 2516 saepe
1048 2458 1153 2494 'coe-

183 2521 379 2586 nanda,
407 2523 469 2580 id
495 2536 576 2576 est
594 2561 610 2588 ‚
635 2543 775 2596 saepe
805 2523 1039 2595 agenda,
1072 2542 1156 2576 re-

184 2605 407 2674 petenda
436 2606 496 2656 in
527 2605 714 2658 scenis.
748 2603 978 2656 Casaub.
1011 2629 1032 2650 u
1053 2607 1156 2654 Coe·

190 2709 210 2730 ι
231 2681 488 2747 nare-,bic
515 2699 596 2738 est
621 2704 773 2757 agere
802 2684 1038 2736 fabulam
1061 2673 1156 2735 cuss

191 2790 210 2810 α
230 2767 452 2837 piditate
489 2785 654 2819 coenae
671 2805 688 2830 ,
719 2767 829 2819 sive
855 2763 1155 2827 mercedis,

191 2872 211 2891 α
232 2847 370 2900 unde
403 2868 459 2900 se
493 2849 609 2920 ipse
640 2848 761 2899 alat.
783 2873 806 2893 n
847 2847 952 2902 Cui
983 2847 1158 2899 textus

187 2928 318 2996 parti
361 2929 478 2980 haec
533 2927 822 2998 explicatio
869 2925 1160 2978 conveniat

188 3024 290 3058 non
328 3009 504 3080 probe
542 3007 726 3062 vid'eo,
743 3038 815 3048 —-
839 3009 1048 3058 Insulso.
1072 3045 1084 3056 .
1106 3043 1118 3056 .
1145 3042 1158 3056 .

192 3090 396 3152 Glrconi.
412 3091 538 3142 Vet.
553 3087 717 3140 schol.
745 3113 767 3134 a
783 3087 997 3160 Glycon
1017 3124 1033 3150 ,
1056 3099 1161 3138 tra-

194 3192 212 3212 «
233 3169 416 3239 goedus
440 3208 457 3236 ‚
494 3169 704 3242 populo
745 3169 882 3220 mire
922 3167 1158 3238 placuit:

194 3271 212 3292 α
235 3261 285 3300 et
317 3249 444 3301 ideo
481 3269 513 3301 a
543 3249 764 3302 Nerone
805 3247 1164 3299 manumissus

194 3350 213 3371 ι
236 3340 308 3379 est
321 3366 338 3392 ‚
361 3327 503 3380 datis
518 3327 750 3398 Virgilio
771 3324 1012 3396 tragoedo
1028 3363 1044 3390 ‚
1065 3324 1165 3377 do-

194 3432 215 3452 ·
237 3409 381 3482 mino
423 3412 542 3481 ejus
558 3447 575 3473 ‚
602 3427 708 3479 pro
747 3419 901 3478 parte
940 3405 1167 3459 dimidia

195 3509 214 3529 ι
235 3505 394 3558 quam
421 3486 735 3559 possidebat
753 3523 769 3551 ,
795 3485 1168 3540 sestertiorum

195 3589 214 3610 ι
235 3569 488 3621 tercentis
513 3567 776 3619 millibus.
801 3567 904 3618 Hic
927 3565 1034 3619 fuit
1055 3577 1162 3619 sta-

194 3668 213 3688 «
235 3657 362 3698 turae
389 3648 596 3718 longae,
622 3646 761 3698 fusci
788 3647 1032 3717 corporis
1048 3683 1064 3710 ‚
1088 3646 1164 3698 la·

195 3749 216 3770 α
235 3726 322 3778 bio
332 3727 584 3780 inferiori
596 3725 831 3780 demisso
845 3747 860 3794 ;
877 3719 1167 3798 antequam

197 3829 215 3850 α
235 3809 635 3870 subornaretur,
656 3806 1170 3873 deformis,nescius
1251 3808 1397 3859 solus
1414 3844 1431 3871 ,
1458 3805 1621 3859 vultu
1650 3802 1835 3874 gravi,
1862 3800 2031 3852 immo
2060 3799 2241 3863 tristi,

701 3894 708 3900 .
1271 3881 1281 3899 a

1227 1072 1437 1146 «jocari
1462 1112 1477 1139 ‚
1513 1088 1743 1146 propter
1774 1074 1926 1147 quod
1958 1094 2087 1129 eum
2120 1076 2203 1129 in-

1227 1179 1250 1201 «
1273 1154 1478 1206 sulsum
1501 1154 1717 1208 Persius
1737 1154 1902 1208 dixit.
1922 1180 1944 1202 ι
1974 1158 2041 1209 Α.

1299 1253 1379 1286 10.
1398 1240 1636 1301 Tu'neque
1644 1238 1921 1295 anhelanti,
1934 1241 2051 1305 eta]
2065 1238 2205 1289 Lau·
2276 1270 2281 1275 ·

1225 1314 1318 1367 dat
1353 1318 1629 1369 Cornutus
1670 1314 2005 1387 discipulum
2042 1336 2206 1371 suum

1225 1405 1340 1449 κατ’
1374 1398 1511 1468 ἄρσιν
1550 1398 1633 1449 καὶ
1672 1400 1832 1463 θέσιν,
1860 1399 2015 1469 prius
2051 1418 2205 1471 sepa-

1224 1495 1348 1529 rans
1372 1495 1401 1528 a
1425 1477 1576 1529 malis
1595 1478 1774 1548 poetis
1791 1515 1807 1541 ‚
1836 1490 1889 1530 et
1908 1477 2039 1530 vitia
2058 1497 2207 1531 com·

1227 1576 1533 1611 memorans
1570 1560 1768 1630 quibus
1802 1573 1979 1624 caret;
2008 1558 2209 1613 deinde

1226 1640 1461 1693 virtutes
1491 1659 1770 1707 recensens
1798 1642 2000 1713 quibus
2029 1642 2099 1694 sit
2122 1660 2213 1694 or·

1230 1733 1403 1773 natus.
1424 1720 1574 1785 Quid
1596 1722 1696 1773 tibi
1714 1722 1791 1775 vis
1810 1760 1827 1787 ‚
1848 1722 2059 1793 inquit,
2084 1722 2215 1774 cum

1229 1800 1401 1853 malos
1438 1807 1627 1873 poetas
1665 1792 1930 1854 imitaris?
1963 1822 2120 1868 nam,
2152 1814 2215 1853 tu

1231 1900 1344 1933 non
1368 1879 1413 1932 is
1434 1898 1488 1933 es
1508 1880 1605 1951 qui
1627 1881 1779 1933 malis
1800 1895 1852 1933 et
1870 1882 2067 1953 ineptis
2087 1887 2215 1953 'poe-

1231 1959 1300 2013 tis
1315 1959 1510 2013 debeas
1528 1958 1887 2013 adnumerari.
1901 1960 2101 2013 Tribus
2122 1980 2215 2011 au-

1235 2052 1342 2094 tem
1361 2042 1507 2097 notis
1518 2042 1724 2095 malum
1739 2048 1956 2113 poetam
1971 2062 2217 2113 καρακτη·

1235 2123 1350 2193 ρὶζει
1370 2142 1384 2173 :
1410 2122 1616 2194 prima,
1646 2121 1798 2194 quod
1804 2122 1934 2189 folle
1959 2125 2221 2173 anhelanti

1225 2215 1429 2268 premat
1442 2214 1646 2261 ventos,
1677 2200 1737 2252 id
1760 2214 1841 2253 est
1860 2240 1876 2267 ‚
1903 2201 2054 2272 quod
2080 2204 2219 2254 van&

1235 2280 1535 2335 ambitione
1550 2279 1744 2334 ductus
1757 2321 1773 2347 ‚
1796 2293 1858 2334 ut
1877 2282 2017 2335 fabri
2036 2288 2219 2336 aerem

1234 2361 1459 2415 follibus
1494 2361 1769 2414 inclusum
1806 2363 2110 2436 exagitant,
2150 2359 2220 2414 ad

1233 2442 1512 2495 fornacem
1523 2440 1953 2508 accendendum,
1968 2447 2082 2494 dum
2097 2463 2221 2494 mas-

1233 2544 1290 2574 sa
1328 2523 1460 2576 ferri
1504 2527 1733 2590 coquitur
1754 2563 1771 2584 ,
1804 2525 1895 2576 ille
1936 2544 1991 2578 se
2023 2562 2040 2588 ‚
2081 2523 2220 2576 dum.

1236 2604 1532 2658 meditatur
1549 2623 1609 2656 ac
1632 2603 1791 2676 fingit
1818 2623 1957 2676 opus
1972 2643 1989 2667 ‚
2010 2603 2225 2656 discru-

1237 2687 1376 2752 ciet;
1405 2687 1570 2748 item,
1598 2686 1889 2757 pulmones
1918 2687 2105 2756 fatiget
2133 2703 2221 2736 re-

1235 2766 1455 2820 citando
1478 2785 1691 2818 carmen
1711 2803 1728 2829 ,
1750 2764 2047 2838 praesertim
2067 2763 2229 2816 infla·

1238 2862 1357 2902 tum
1391 2860 1444 2900 et
1477 2845 1783 2919 turgidum.
1813 2847 2003 2898 Horat.
2031 2846 2129 2898 lib.
2159 2846 2186 2896 I
2206 2882 2223 2910 ,

1239 2941 1337 2980 sat.
1371 2935 1437 2988 4:

1238 3026 1301 3072 At
1321 3036 1372 3071 tu
1402 3025 1637 3072 conclusas
1668 3024 1859 3071 hircinis
1882 3022 2072 3070 follibus
2096 3037 2230 3068 auras

1240 3097 1402 3157 Usque
1420 3086 1681 3141 laborantes
1713 3094 1831 3146 dum
1854 3093 2025 3143 ferrum
2048 3093 2229 3140 molliat

1367 3166 1491 3229 ignis

1243 3239 1310 3284 Ut
1329 3237 1477 3282 mavis
1501 3236 1697 3282 imitare.

1245 3324 1446 3379 J'uven.
1470 3338 1569 3377 sat.
1597 3325 1713 3377 VII
1734 3361 1749 3388 ‚
1774 3343 1832 3378 v.
1861 3343 1955 3378 111
1981 3343 1993 3375 ε

1245 3417 1379 3461 Tunc
1406 3415 1627 3460 immensa
1656 3413 1759 3458 cavi
1786 3412 1964 3474 spirant
1990 3407 2231 3458 mendacia

1371 3485 1523 3531 folles.
1950 3485 2003 3530 C.
2026 3491 2073 3527 et
2092 3484 2143 3527 P.

1318 3583 1341 3616 Ῐ
1355 3582 1376 3616 Ῐ
1391 3604 1403 3616 .
1426 3567 1528 3614 Nec
1548 3568 1714 3615 Clau-50
1736 3580 1985 3612 murmure
2004 3561 2228 3628 raucus-J

1245 3643 1497 3698 Secunda
1542 3657 1620 3697 est
1665 3655 1794 3695 nota
1840 3639 1969 3692 mali
2012 3645 2191 3710 poetae
2216 3658 2233 3704 ς

1249 3723 1402 3797 quod
1423 3725 1481 3776 in
1502 3723 1725 3796 publico
1745 3719 2000 3774 videatur
2020 3737 2236 3788 semper

261 3989 320 4035 V.
353 4005 374 4036 1
388 4006 430 4037 ι.
461 3991 670 4038 Raucus.
697 3987 843 4040 colb„
863 3990 929 4049 V,
947 3983 1010 4036 n⁰
1035 3987 1170 4052 8293
1190 4020 1206 4047 ,
1224 4001 1399 4034 raucos
1412 4018 1431 4042 ‚
1450 3983 1593 4047 male-
