2775 4619
548 471 682 547 204
796 452 799 457 ’
1120 416 1660 533 SULPICIAE
1725 466 1996 532 vrrA.

544 594 747 654 Exstat
783 601 844 649 et
886 592 1099 669 poema
1131 588 1483 650 hexametris
1507 590 1770 649 versibus
1808 591 2242 669 conscriptum,
2269 589 2346 649 de
2381 588 2600 648 Domi-

546 697 692 755 tiani
724 696 961 755 Caesaris
991 697 1359 775 temporibus
1372 740 1390 767 ‚
1419 696 1584 775 quod
1613 696 1755 755 huic
1781 696 1895 775 ipsi
1923 695 2198 774 Sulpiciae
2223 696 2600 773 adscriptum.

547 814 681 875 est3
720 802 948 861 tametsi
988 802 1207 861 alicubi
1250 802 1695 862 inemendatum
1741 802 1888 861 adeo
1917 844 1936 873 ‚
1975 814 2044 860 ut
2081 800 2340 859 dubitari
2384 800 2598 879 possit.

545 908 840 966 Hactenus
880 906 1175 987 Gyraldus
1194 930 1211 965 τ
1248 908 1350 966 cui
1397 921 1457 965 et
1497 908 1757 979 ⁴alterum
1807 927 2048 987 quoque
2095 907 2362 987 ejusdem
2403 909 2603 985 poetae
2659 940 2665 945 -

548 1013 909 1092 epigramma
924 1056 943 1086 ,
966 1014 1186 1075 Caleno
1209 1013 1488 1092 Sulpiciae
1519 1014 1728 1071 marito
1751 1014 2128 1092 inscriptum,
2145 1012 2356 1071 adsuas
2369 1010 2600 1077 licebit.

1040 1128 1094 1180 Ο
1116 1127 1307 1180 molles
1332 1126 1437 1180 tihi
1465 1125 1782 1198 quindecim
1797 1163 1816 1191 ,
1843 1124 2044 1181 Calene
2059 1164 2079 1193 ‚

1042 1216 1200 1281 Quos
1226 1233 1355 1268 cum
1384 1214 1626 1286 Sulpicia
1655 1228 1747 1267 tua
1769 1215 1978 1291 jugales

1038 1299 1283 1355 Indulsit
1310 1303 1460 1353 Deus
1475 1338 1494 1366 ,
1521 1315 1578 1355 et
1599 1302 1811 1373 peregit
1834 1300 2036 1354 annos!

1044 1391 1095 1443 O
1117 1408 1232 1443 nox
1256 1390 1434 1441 omnis
1451 1425 1468 1454 ,
1497 1402 1553 1441 et
1575 1390 1710 1444 hora
1730 1427 1747 1454 ‚
1777 1408 1900 1461 quae
1927 1402 2057 1443 nota
2083 1402 2164 1442 est

1044 1478 1195 1531 Caris
1221 1478 1423 1531 littoris
1449 1474 1631 1530 Indici
1656 1477 1884 1548 lapillis!

1032 1565 1082 1618 Ο
1113 1584 1235 1637 quae
1261 1564 1478 1635 praelia,
1500 1582 1634 1637 quas
1660 1564 1924 1637 utrinque
1950 1583 2162 1639 pugnas

1036 1654 1191 1707 Felix
1213 1654 1450 1707 lectulus
1478 1667 1534 1707 et
1560 1656 1782 1708 lucerna
1807 1654 1951 1709 vidit

1042 1742 1256 1795 Nimbis
1283 1742 1434 1797 ebria
1460 1742 1822 1795 Nicerotianis
1843 1742 1860 1793 Ξ

1036 1828 1245 1881 Vixisti
1273 1830 1452 1883 tribus
1467 1867 1486 1893 ‚
1509 1832 1543 1881 ὁ
1567 1829 1793 1893 Calene,
1815 1829 2025 1884 lustris.

1036 1918 1197 1969 Aetas
1224 1918 1340 1969 haeo
1367 1917 1470 1969 tibi
1497 1930 1612 1971 tota
1637 1930 2027 1989 computatur,

1041 2004 1115 2057 Et
1142 2004 1287 2057 solos
1314 2024 1568 2058 numeras
1598 2004 1714 2058 dies
1740 2005 1943 2057 mariti.

1038 2092 1129 2143 Ex
1153 2091 1260 2143 illis
1287 2092 1389 2144 tibi
1416 2092 1460 2143 si
1487 2091 1588 2145 diu
1617 2105 1858 2164 rogatam

1046 2180 1254 2231 Lucem
1280 2178 1538 2233 redderet
1560 2181 1830 2251 Atropos,
1856 2180 1945 2233 vel
1973 2198 2140 2233 unam

1042 2266 1231 2322 Malles
1248 2304 1266 2334 ,
1292 2272 1461 2340 quam
1487 2266 1694 2340 Pyliam
1721 2280 1914 2341 quater
1941 2282 2228 2324 senectam.

1334 2444 1432 2463 m

1621 2445 1812 2464 m

546 2571 647 2636 De
690 2568 915 2635 eadem
964 2566 1255 2656 Sulpicia
1274 2617 1293 2650 ,
1332 2567 1658 2657 Principis
1701 2569 1828 2633 viri
1873 2569 1910 2634 J
1919 2619 1938 2634 .
1979 2571 2244 2635 Caesaris
2279 2567 2596 2662 Scaligeri

635 2685 925 2774 elogium
972 2681 1125 2771 (Ex
1168 2683 1443 2773 qusdem
1491 2683 1773 2747 Politia-es
1814 2683 1976 2747 libro
2019 2684 2121 2749 VI
2129 2735 2172 2792 ,ι
2189 2689 2308 2774 qui
2339 2685 2598 2775 Hyper-

537 2845 547 2866 .
634 2800 901 2864 criticus
936 2798 1315 2864 inscribitur.

618 2998 677 3052 A
723 2993 957 3052 semina.
983 2993 1390 3072 incipiendum
1443 3005 1570 3052 est:
1615 2994 1782 3052 aiunt
1831 2994 1992 3052 enim
2039 2993 2366 3071 Sulpiciam·
2407 2993 2596 3054 fuisse

542 3100 910 3177 temporibus
930 3101 1269 3159 Domitiani.
1294 3102 1436 3179 Ejus
1463 3102 1634 3159 satira
1663 3101 1812 3160 salso
1839 3101 2104 3159 Ausonio
2133 3101 2412 3158 attributa
2434 3101 2589 3159 fuit:

540 3208 681 3266 satis
720 3209 879 3265 enim
917 3220 1079 3285 patet
1122 3227 1159 3264 a
1205 3208 1423 3266 femina
1471 3209 1653 3266 factos
1697 3227 1930 3280 versus,
1974 3207 2038 3265 in
2084 3208 2305 3285 quibus
2350 3212 2592 3266 Musam

538 3314 848 3372 cultricem
886 3314 1146 3392 appellat
1190 3334 1357 3372 suam
1385 3335 1700 3394 ;·quaeque
1742 3314 1824 3372 ait
1868 3333 1991 3372 sese
2026 3316 2276 3393 primam
2313 3313 2592 3374 docuisse

535 3422 833 3479 Romanas
858 3419 1137 3478 mulieres
1164 3440 1334 3498 posse
1361 3440 1502 3478 cum
1526 3419 1744 3479 Graecis
1768 3421 2010 3500 poen-iis
2031 3420 2354 3498 comparari
2379 3441 2394 3477 :

1030 3535 1301 3600 Primaque
1332 3537 1582 3584 Romanas
1619 3536 1770 3584 docui
1801 3536 2095 3584 contendere
2125 3535 2299 3584 Graiis.

532 3645 605 3702 In
626 3663 694 3702 ea
712 3641 968 3701 multum
988 3641 1368 3710 dexteritatiS,
1384 3639 1462 3696 ad
1480 3639 1772 3710 satir-icam
1791 3640 2233 3699 amarulentiam
2253 3639 2588 3718 aspirantis.

532 3749 781 3807 Numeri
818 3766 955 3806 vero
986 3788 1004 3816 ,
1044 3757 1115 3802 ut
1151 3746 1215 3803 in
1259 3765 1331 3802 eo
1376 3765 1590 3823 genere
1634 3747 1950 3825 Ροὲἑιιιαῐίε,
1986 3765 2108 3804 non
2140 3745 2582 3804 contemnendi.

532 3855 723 3934 Igitur
737 3897 753 3927 ‚
798 3865 867 3912 ut
908 3865 1028 3911 tam
1054 3849 1368 3910 laudabilis
1401 3850 1658 3912 heroinae
1697 3853 1846 3915 ratio
1887 3851 2170 3915 habeatur
2188 3896 2206 3926 ‚
2235 3871 2356 3911 non
2391 3852 2585 3912 ausim

536 3960 790 4039 objicere
816 3961 873 4022 ei
889 3959 1104 4039 judicii
1128 3957 1513 4020 severitatem.
