2775 4619
476 319 606 384 An
660 317 1204 422 supreme
1255 318 1726 386 SATIRAM.
1960 297 2111 392 ²211·

89 466 152 504 ac
189 443 642 526 disciplinarum
687 445 956 506 omnium
1008 446 1282 506 universo
1333 445 1674 506 mortalium
1718 447 1917 525 generi
1960 447 2125 508 obli·-

90 545 322 603 vionem
365 544 644 618 inducere
687 543 1005 623 aliquando
1031 587 1049 616 ‚
1087 545 1340 622 vitaeque
1377 545 1547 604 istius
1586 545 1843 604 melioris
1884 547 2122 624 praemia

90 641 472 720 cultumque;
493 641 700 701 Atticae
715 683 734 712 ,
763 643 1005 720 inquam
1022 685 1040 713 ,
1076 641 1467 721 philosophiae
1494 645 1776 720 bonoeque
1810 645 2015 700 mentek
2052 663 2122 702 ac

91 738 468 798 humanitatis
507 739 702 798 studia
724 781 742 810 ‚
780 738 1059 798 divinitus
1083 752 1252 798 antea
1285 740 1557 819 dilargita
1576 740 1749 800 nohis
1768 783 1785 810 ‚
1806 727 1881 807 ‚in'
1913 761 2124 820 perpe-

93 849 258 896 tuum
297 858 478 916 porro
507 837 808 899 dediscere
837 836 1075 912 jubere,
1101 836 1176 895 ad
1214 838 1390 915 primi
1427 838 1587 896 illius
1613 859 1681 896 ac
1708 839 1875 896 rudis
1900 841 2007 898 aevi
2033 839 2126 898 in·-

93 935 331 994 fantiam
351 948 412 994 et
433 935 571 1014 plus
591 936 772 1012 quam
789 933 1024 992 brutam
1047 934 1449 1013 stupiditatem
1466 937 1802 995 revocatos?
1819 935 2092 995 videlicet
2104 982 2123 1009 ,

95 1046 156 1090 ut
171 1034 371 1092 omnis
391 1031 760 1112 agriculmrae
777 1043 1063 1109 expertes,
1081 1033 1276 1090 Cereri
1293 1052 1361 1090 ac
1376 1033 1588 1093 Libero
1596 1035 2032 1117 renunciantes,
2048 1034 2127 1094 ad

93 1130 334 1210 glandes
350 1149 588 1189 rursum
605 1149 672 1188 ac
689 1128 971 1194 ‚Acheloia
986 1127 1228 1208 pocula,
1251 1143 1384 1208 post
1412 1143 1500 1189 tot
1521 1123 1871 1190 saeculorum
1893 1133 2128 1209 saecula,

93 1229 290 1292 nescio
331 1248 454 1307 quo
491 1226 834 1307 postliminii
872 1227 1007 1300 jure
1027 1270 1045 1299 ‚
1086 1228 1401 1290 vel-soriam
1434 1228 1633 1287 denuo
1672 1229 2014 1307 capiamus?
2045 1250 2129 1290 >an

95 1327 276 1404 magis
313 1327 718 1386 necessitatem
756 1325 928 1382 istam
966 1323 1201 1384 fatalem
1247 1326 1448 1396 nobis,
1476 1325 1591 1385 hoc
1626 1337 1745 1396 est,
1772 1327 1879 1385 uni
1911 1326 2131 1387 Italica

93 1424 249 1502 genti
297 1423 554 1503 solisque
587 1421 834 1482 Romuli
871 1422 1187 1501 nepotibus
1227 1423 1637 1482 interminatur
1674 1424 1905 1502 Jupiter
1920 1467 1937 1496 ‚
1976 1445 2131 1504 quos

100 1521 342 1580 summis
367 1521 587 1600 opibus
619 1531 798 1598 atque
831 1518 1133 1578 industriis
1148 1562 1165 1590 ,
1187 1519 1552 1599 reliquarum
1582 1521 1756 1580 etiam
1788 1515 2095 1581 nationum
2109 1567 2129 1596 ,

99 1619 279 1680 immo
320 1620 584 1678 hostium
623 1617 809 1676 salute
849 1616 1104 1676 maxime
1119 1661 1138 1689 ‚
1167 1618 1579 1677 exterminatos
1611 1605 1989 1698 perditosque
2030 1641 2135 1684 ex-

101 1718 243 1796 petit
259 1761 278 1789 ,
303 1717 600 1798 Capitolio
627 1716 812 1794 ipsius
843 1733 954 1774 suo
992 1714 1174 1774 iratus
1208 1716 1572 1794 infestusque
1590 1759 1609 1787 ‚
1637 1716 1848 1776 ultoris
1875 1718 2131 1790 scilicet,

100 1833 172 1874 ne
211 1815 409 1888 dicam
449 1813 787 1893 praedatoris
827 1813 1176 1891 cognomine
1222 1826 1527 1891 assumpto
1572 1812 1685 1873 sibi
1704 1858 1723 1888 ,
1764 1814 2026 1874 custodis
2060 1833 2135 1873 ac

105 1913 523 1984 conservatoris
547 1911 851 1995 deposito?
881 1911 990 1970 ubi
1017 1923 1214 1970 tamen
1239 1910 1559 1990 legendum
1588 1911 1779 1970 sorte:

103 2076 161 2118 v.
206 2078 308 2143 19.
359 2103 376 2119 .
404 2103 419 2118 .
448 2103 465 2119 .
491 2102 508 2118 .
537 2103 554 2117 .
581 2101 597 2118 .
626 2103 642 2118 .
669 2071 686 2116 .·
724 2039 1113 2140 Romulique
1144 2049 1445 2120 exturbat
1475 2050 1829 2150 alumnos]

172 2179 309 2258 Non
339 2197 432 2256 uti
457 2197 520 2258 in
545 2195 864 2275 exemplari
893 2208 1094 2254 nostro
1117 2193 1340 2254 viditur
1360 2197 1704 2271 Romulique
1717 2238 1739 2267 ,
1766 2207 2132 2275 repugnante

104 2318 486 2357 numerorum
516 2295 762 2355 ratione.
801 2293 1126 2355 Romulum
1163 2293 1321 2353 enim
1359 2304 1420 2351 et
1450 2297 1707 2353 Remum
1744 2292 2071 2355 identidem
2098 2316 2141 2362 a

105 2398 287 2473 poetis
329 2392 618 2455 confundi
659 2392 928 2451 videmus
953 2432 969 2460 ‚
1007 2391 1378 2470 alterumque
1424 2411 1533 2469 pro
1574 2390 1759 2451 altero
1800 2394 2138 2471 promiscue

103 2492 420 2552 nominari:
437 2490 738 2549 interdum
755 2502 1040 2567 utrosque
1058 2488 1274 2567 pariter
1291 2490 1571 2567 conjungi
1589 2489 1796 2561 simul,
1811 2504 2137 2572 ut-aequum

103 2604 185 2649 est
199 2593 437 2662 fratres,
457 2600 520 2647 et
538 2586 782 2666 quidem
798 2606 1106 2665 germanos
1121 2587 1413 2665 geminos:
1435 2586 1609 2647 sicuti
1620 2587 1784 2666 apud
1800 2588 2101 2652 catullum
2114 2612 2133 2647 ε

457 2700 530 2747 At
552 2695 698 2745 vobis
721 2694 849 2745 mh
873 2694 1032 2743 multa
1055 2694 1144 2743 Dii
1167 2695 1386 2759 Deaeque
1484 2762 1491 2770 ὁ

456 2780 596 2829 Dent
619 2776 891 2843 opprobria
916 2775 1126 2825 Romuli
1150 2775 1393 2841 Remique
1414 2776 1427 2822 l

103 2883 441 2965 Propertius
459 2894 656 2941 autem
669 2922 688 2952 ‚
713 2900 894 2956 regna
911 2882 1084 2939 Remi
1093 2897 1202 2958 pro
1225 2878 1375 2937 urbe
1396 2882 1585 2939 Roma
1607 2879 1809 2958 posuit
1822 2924 1840 2953 ‚
1862 2882 2003 2940 cum
2020 2881 2131 2941 ait:

462 2992 696 3057 Regnare
717 2990 881 3055 prima
905 2989 1052 3039 Remi
1078 2996 1164 3038 ant
1189 3003 1364 3037 muros
1387 2986 1699 3053 Carthaginis
1722 2987 1853 3038 alto.

106 3088 298 3149 Habes
325 3107 447 3146 non
471 3086 648 3165 longe
675 3085 751 3144 ab
777 3084 892 3143 hoc
917 3082 1090 3143 loco:

105 3242 159 3287 v.
187 3245 302 3287 22.
333 3219 462 3286 Sed
486 3220 694 3285 virtus
728 3217 964 3307 agitata
998 3212 1214 3297 domi,
1247 3228 1314 3279 et
1339 3212 1691 3280 socialibus
1714 3214 1958 3306 armis]

177 3359 341 3414 Bene
381 3326 548 3411 addit
583 3351 888 3410 socialibus
903 3392 924 3421 ,
959 3346 1036 3407 ad
1077 3358 1453 3409 externorum
1496 3346 1793 3407 bellorum
1832 3362 1892 3409 et
1926 3348 2142 3409 Asiati·

107 3472 316 3513 corum
357 3450 670 3509 discrimen
687 3492 705 3521 ‚
735 3468 868 3527 quae
907 3445 1150 3525 quidem
1185 3464 1307 3505 non
1346 3464 1457 3523 pro
1490 3465 1626 3503 vera
1663 3445 1851 3525 gloria
1887 3459 1989 3505 aut
2023 3449 2142 3507 rei-

107 3552 247 3630 pub.
271 3548 491 3629 salute,
511 3547 615 3607 sed
631 3566 740 3627 pro
761 3544 956 3625 praeda
977 3544 1385 3622 scelerumque
1406 3562 1474 3601 ac
1496 3541 1851 3622 flagitiorum
1873 3546 2143 3603 omnium

107 3647 457 3729 impunitate
493 3656 764 3723 suscepta
787 3642 974 3703 videri
999 3653 1271 3721 poterant
1286 3683 1304 3712 ‚
1327 3642 1451 3716 jam
1476 3640 1616 3699 inde
1640 3660 1675 3697 a
1703 3641 1957 3701 Sullanis
1992 3653 2144 3699 tem-

108 3748 356 3827 poribus
391 3744 679 3813 maxime,
718 3761 852 3822 qnae
895 3740 1190 3799 teterrima
1237 3738 1487 3797 luxuriae
1534 3736 1726 3797 omnis
1762 3757 1830 3795 ac
1866 3740 2145 3816 nequitias

113 3845 371 3905 fomenta
398 3841 720 3907 victoribus
765 3838 1297 3898 subministrarunt.
1343 3834 1522 3909 Quod
1555 3854 1694 3893 vero
1734 3833 1956 3893 ibidem
1997 3837 2145 3896 sub-

108 3942 296 4027 iungit
331 3952 616 4023 protenus
630 3981 650 4012 ,
686 3940 955 3997 viantem
996 3955 1130 3993 eam
1143 3976 1166 4008 ,
1197 3953 1304 3995 sen
1328 3924 1739 3995 fortitudinem
1776 3920 1985 4011 p‘opuli
2017 3937 2145 4007 Rofi-

1695 4032 1795 4143 ¹4?

2243 1615 2254 1658 l
