2775 4619
573 297 684 379 ΙΝ
727 309 1083 378 PERsn
1131 308 1587 391 SAl'rlRAM
1622 309 1705 377 v.
1806 267 1811 272 ’
1882 285 1921 322 “
2028 309 2151 398 193
2238 270 2245 277 ’

615 489 713 547 ΙΝ
757 487 1174 546 SATIRAM
1215 487 1659 558 QUINTAM.

833 653 840 666 ¹
879 669 960 704 An
1003 667 1393 705 cor-nuruis.

159 819 250 874 V.
317 835 380 872 ι.
434 813 743 872 Coenanda
793 811 1074 890 ngcom‘]
1123 809 1358 890 Glycon
1400 809 1697 890 tragoedus
1742 810 1970 892 populo
2008 815 2156 874 mire

73 912 378 995 placuit,
403 925 463 970 et
499 910 634 969 ideo
666 931 703 968 a
736 912 969 968 Nerone
1008 910 1403 968 manumissus
1432 922 1553 980 est,
1579 909 1731 968 datis
1754 909 1999 989 Virgilio
2033 925 2157 972 tra-

75 1011 282 1090 goedo
319 1009 571 1068 domino
602 1008 729 1086 ejus
744 1050 763 1078 ‚
793 1026 902 1084 pro
925 1019 1087 1084 parte
1113 1005 1391 1076 dimidia,
1419 1025 1599 1084 quam
1630 1007 1967 1085 possidebat
1984 1050 2003 1078 ‚
2034 1027 2162 1068 ses-

77 1108 433 1166 tertiorum
453 1105 726 1163 tercentis
757 1103 1022 1161 millibus
1046 1103 1191 1183 (20).
1215 1102 1324 1160 Hic
1359 1104 1473 1160 fuit
1500 1114 1731 1162 staturae
1756 1104 1949 1183 longae
1966 1148 1985 1176 ‚
2010 1105 2165 1164 fusci

77 1203 412 1282 corporis,
433 1201 590 1260 labio
603 1200 866 1258 inferiori
879 1199 1132 1258 demisso
1147 1221 1161 1255 τ
1175 1211 1312 1258 ante
1331 1197 1513 1278 quam
1526 1200 1945 1260 subornaretur
1958 1201 2164 1260 defor-

79 1302 242 1360 mis:
274 1299 524 1360 nescius
537 1297 722 1378 jocari
739 1341 754 1370 ‚
782 1309 1023 1375 propter
1042 1296 1209 1374 quod
1231 1315 1371 1353 eum
1392 1297 1686 1354 insulsum
1712 1299 1943 1356 Persius
1965 1297 2135 1357 dixit.

169 1411 263 1465 V.
302 1415 402 1475 14.
430 1405 620 1461 Verba
641 1416 793 1480 togoe
811 1403 1112 1478 sequeris-,J
1135 1405 1294 1480 Toga
1315 1414 1404 1459 est
1424 1423 1646 1480 purum
1667 1403 1917 1481 pallium
1930 1445 1947 1474 ‚
1973 1404 2164 1462 forma

84 1503 378 1564 rotunda
397 1513 457 1560 et
476 1501 695 1559 fusiore
707 1543 724 1570 ‚
745 1487 922 1578 atque
940 1498 1264 1558 inundante
1284 1499 1445 1558 sinu:
1468 1511 1529 1558 et
1546 1502 1657 1560 sub
1676 1501 1883 1572 dextro
1897 1502 2167 1578 veniens,

88 1623 296 1680 super
344 1599 661 1658 humerum
715 1598 1015 1656 sinistrum
1056 1597 1300 1676 ponitur
1329 1619 1343 1654 τ
1385 1599 1557 1677 cujus
1604 1598 2052 1657 similitudinem
2100 1598 2167 1658 in

95 1696 508 1777 operimentis
537 1695 1020 1766 simulacrorum,⁸
1047 1694 1142 1752 vel
1177 1694 1543 1773 picturarum
1574 1697 1888 1773 aspicimus
1902 1739 1919 1766 ,
1948 1715 2165 1775 easque

94 1808 342 1854 statuas
363 1806 589 1872 togatas
611 1811 911 1851 vocamus.
935 1795 1095 1870 Toga
1118 1812 1255 1849 vero
1282 1792 1532 1850 Romani
1560 1791 1623 1850 in
1646 1812 1788 1870 paee
1812 1792 2129 1850 utebantur
2144 1833 2164 1864 ,

97 1892 166 1952 in
179 1891 364 1951 bello
385 1889 837 1969 paludamentis.
861 1893 1136 1948 Mensura
1157 1902 1308 1968 togae
1321 1912 1345 1968 J
1352 1901 1498 1948 ustae
1518 1908 1687 1960 senas
1707 1889 1877 1948 ulnas
1891 1889 2163 1948 habebat.

181 2005 263 2057 V.
306 2017 408 2056 22.
444 1999 816 2073 Quandoque
851 2007 1064 2054 nostroe
1083 2017 1240 2078 pars
1281 2010 1382 2052 tua
1418 1998 1527 2068 sit,
1568 1998 1814 2054 Comute
1828 2040 1851 2068 ,
1882 1999 2163 2067 animoe.]

101 2098 420 2156 Sententia
441 2117 478 2154 a
499 2094 824 2174 Pythagora
843 2105 1022 2152 tracta
1035 2137 1054 2165 ‚
1077 2094 1385 2152 dimidiam
1406 2094 1615 2152 animae
1636 2113 1757 2153 suae
1777 2105 2003 2174 partem
2022 2093 2170 2151 dicit

103 2197 485 2265 Cornutum,
513 2204 583 2250 ut
611 2191 885 2250 Horatius
909 2189 1226 2269 Virgilium
1250 2213 1265 2248 ε

479 2312 543 2360 Et
565 2326 728 2359 serves
748 2309 926 2359 animae
949 2307 1218 2358 dimidium
1245 2322 1383 2359 meae.

186 2422 267 2476 V.
288 2419 326 2475 3
336 2436 362 2473 1
375 2458 392 2473 .
407 2415 718 2474 Suco-iactis
729 2413 1020 2492 Laribus]
1041 2412 1195 2485 Quia
1209 2413 1441 2473 Gabino
1455 2411 1687 2486 habitu,
1702 2386 2022 2496 cinctuque
2036 2414 2097 2495 (α
2108 2416 2165 2496 1)

108 2514 212 2571 Dii
251 2517 506 2571 Penates
546 2510 951 2571 formabantur
965 2553 984 2582 ,
1014 2508 1286 2568 obvoluti
1326 2508 1463 2589 toga
1502 2530 1681 2590 super
1720 2511 2039 2573 humerum
2079 2512 2168 2571 si·-

107 2610 378 2667 nistrum
393 2649 411 2678 ,
439 2607 649 2667 dextro
675 2605 860 2665 nudo.

191 2720 272 2774 V.
312 2716 414 2772 33.
450 2714 752 2771 Candidus
789 2712 1004 2783 umba]
1034 2709 1402 2783 Συνεκὸοχικῶς
1440 2714 1564 2792 pro'
1589 2724 1744 2793 toga.
1784 2710 2073 2792 Alioquin
2105 2722 2169 2772 et

112 2812 176 2870 in
203 2822 494 2890 praetexta
525 2809 815 2868 candidus
840 2809 1027 2868 umbo
1055 2822 1163 2897 est.

191 2932 271 2985 V.
308 2936 410 2999 47.
445 2929 664 2985 Nostra
697 2928 803 2983 vel
823 2924 1088 3003 aequali]
1125 2926 1254 2983 Hoc
1295 2924 1625 2985 secundum
1651 2924 1975 3006 astrologos
2000 2924 2163 2985 dicit.

115 3036 178 3083 et
200 3023 307 3083 hic
339 3042 546 3082 sensus
573 3035 792 3081 tractus
817 3035 904 3081 est
929 3021 1004 3080 ab
1032 3023 1274 3081 Horatio
1302 3043 1317 3077 ε

487 3142 586 3191 Seu
615 3140 772 3201 libra,
797 3156 888 3189 scu
921 3155 1002 3187 me
1037 3140 1264 3204 scorpius
1295 3137 1490 3203 aspicit.

195 3250 276 3307 V.
311 3244 410 3303 52.
442 3247 616 3303 Mille
641 3245 949 3305 hominum
979 3246 1240 3321 speciem
1271 3244 1344 3301 Et
1365 3242 1643 3303 Horatius
1661 3264 1680 3301 ε

479 3362 621 3424 Quot
645 3361 868 3429 capitum
887 3360 1071 3411 vivunt
1085 3395 1101 3421 ,
1126 3360 1339 3411 totidem
1363 3360 1651 3412 studiorum

478 3442 646 3491 millia.

122 3548 196 3609 Et
215 3548 538 3611 Terentius
562 3568 578 3603 ε
965 3635 972 3646 ⁸

481 3665 626 3727 Quot
652 3662 816 3729 capita
833 3697 849 3723 ,
875 3671 953 3711 tot
981 3660 1252 3711 sententiae.

198 3776 275 3833 V.
311 3770 410 3830 53.
445 3772 606 3827 Velle
633 3789 803 3827 suum
833 3769 1037 3842 cuique
1066 3772 1194 3837 est.]
1223 3766 1297 3825 Et
1319 3762 1641 3843 Virgilius:

485 3920 502 3935 .
537 3920 552 3934 .
593 3919 608 3935 .
646 3919 659 3935 .
693 3884 872 3937 Trahit
893 3899 982 3933 sua
1007 3899 1262 3950 quemque
1284 3882 1535 3948 voluptas.

1716 3981 1795 4049 13
