2775 4619
577 396 715 463 Ex
769 362 1092 505 meno
1153 402 1376 468 xxx
1432 404 1758 475 SATm„
2072 406 2195 474 305

897 663 1457 697 mmmm-&t

377 860 524 931 Ex
589 860 923 931 Lumo
981 864 1226 933 xxx
1284 830 1949 941 SATIRARUM.

1156 1076 1204 1131 Ι.

222 1170 348 1231 1110
377 1169 528 1249 quid
556 1169 658 1229 fiat
680 1170 912 1243 Lamia,
937 1182 998 1231 et
1021 1170 1212 1248 Pytho
1239 1160 1609 1253 oxyodontes
1625 1216 1643 1245 ,

227 1269 416 1345 Quod
437 1268 686 1327 veniunt
714 1288 922 1349 genuae
950 1268 1069 1329 111ae
1087 1312 1106 1343 ‚
1133 1270 1384 1343 vetulae,
1418 1273 1707 1351 improbae
1723 1316 1739 1348 ,
1768 1274 1999 1357 ineptae.

1079 1390 1086 1397 ·
1132 1371 1162 1425 1
1180 1371 1228 1425 Ι.

246 1506 908 1524 .................
931 1471 1723 1531 ·.............Leonem

230 1568 566 1645 Aegrotum
589 1582 658 1621 ac
687 1563 926 1623 lassum.

1118 1665 1148 1719 1
1165 1664 1194 1721 1
1211 1664 1258 1721 1.

237 1744 515 1821 Deducta
537 1771 681 1819 tunc
702 1778 848 1819 voce
873 1758 1004 1819 leo:
1035 1779 1145 1819 cur
1169 1772 1236 1817 tu
1259 1760 1387 1840 ipsa
1406 1762 1605 1821 venire

239 1864 381 1921 Non
407 1860 494 1918 vis
519 1859 682 1918 hue?

1131 1958 1160 2015 1
1174 1960 1248 2017 V.

242 2055 408 2130 Quid
436 2055 550 2114 sibi
576 2054 747 2113 vult?
775 2074 960 2134 quare
985 2054 1054 2115 fit
1068 2055 1096 2111 Ρ
1125 2068 1195 2113 ut
1227 2054 1383 2115 intro
1412 2076 1615 2115 versus
1636 2100 1653 2129 ‚
1685 2071 1745 2117 et
1773 2058 1850 2117 ad
1881 2071 1939 2121 te

239 2159 522 2236 spectent
540 2199 556 2227 ‚
584 2166 764 2233 atque
793 2153 983 2212 ferant
1006 2154 1249 2234 vestigia
1281 2173 1342 2213 se
1373 2156 1572 2215 omnia
1594 2177 1855 2235 prorsus.

1153 2256 1227 2314 V.
1805 2248 1823 2257 ’

243 2354 410 2415 Scito
437 2352 657 2413 etenim
684 2351 840 2412 bene
866 2349 1270 2430 longinquum,
1296 2352 1637 2415 mortalibu’
1662 2354 1943 2416 morbum
2033 2411 2041 2418 .
2074 2411 2081 2418 .

242 2456 318 2512 In
342 2451 484 2512 vino
517 2469 682 2523 esse,
711 2449 820 2510 ubi
847 2451 954 2528 qui
983 2449 1250 2508 invitavit
1277 2450 1563 2529 dapsilius
1590 2471 1669 2512 se.

1127 2551 1185 2605 'V
1200 2551 1246 2605 Ι.

241 2649 360 2709 Cui
376 2647 552 2709 vultu
576 2665 644 2708 ac
673 2645 820 2706 faeie
836 2689 853 2718 ‚
878 2644 1026 2708 ludo
1043 2689 1060 2717 ,
1086 2665 1153 2704 ac
1179 2631 1538 2708 serinonibu’
1566 2651 1784 2712 nostris
1873 2707 1880 2715 ,
1995 2707 2003 2716 ,

243 2746 508 2826 'Virginis
534 2745 650 2805 hoc
676 2744 938 2825 pretium
955 2787 972 2816 ,
1001 2755 1179 2822 atque
1203 2744 1363 2804 huno
1390 2745 1711 2810 reddamus
1737 2748 2045 2813 honorem.

1115 2846 1169 2900 V
1183 2847 1212 2900 Ι
1230 2846 1278 2900 Ι.

243 2943 418 3002 Tunc
433 2941 584 3021 jugo
603 2940 822 3020 junges
848 2961 944 3000 me
971 2941 1153 3000 ante?
1183 2952 1245 2998 et
1271 2941 1589 3000 succedere
1615 2957 1807 3006 aratro

244 3041 512 3100 Invitum
528 3081 545 3112 ‚
575 3051 636 3098 et
662 3038 864 3118 glebas
891 3039 1127 3118 subigas
1156 3037 1535 3116 proscindere
1562 3039 1763 3102 ferro?

1078 3139 1133 3194 V
1147 3138 1177 3194 I
1197 3138 1226 3192 Ι
1246 3139 1292 3192 Ι.

249 3236 552 3294 Continuo
569 3276 587 3307 ‚
615 3233 797 3294 simul
823 3253 892 3292 ac
919 3233 1124 3312 paullo
1148 3233 1561 3294 vehementius
1586 3254 1729 3294 aura
1809 3291 1817 3298 .

245 3333 503 3406 Inflarit,
533 3333 754 3391 fluetus
785 3333 1068 3406 erexerit3
1100 3331 1516 3410 extuleritque.

248 3574 294 3606 ι.
319 3555 552 3606 Nonius:
583 3555 798 3614 Genuae‚
829 3553 1008 3621 gulosi.
1311 3557 1358 3608 5.
1385 3545 1619 3608 Nonius.
1608 3574 1619 3585 ·
1642 3557 1854 3608 Imitare
1874 3535 2127 3626 significat
2144 3581 2221 3614 re-

245 3653 297 3688 2.
326 3637 525 3687 Nonius
551 3653 564 3683 ε
595 3639 796 3684 ,lassum
826 3635 1015 3684 dieitur
1037 3633 1156 3684 fati·
1233 3633 1377 3699 pleri.

163 3731 354 3788 gamm.
1309 3715 1358 3762 6.
1377 3709 1605 3765 Nonius:
1624 3715 1866 3776 Pretium,
1885 3734 1982 3783 pro
1995 3721 2219 3784 praemio.

243 3801 300 3848 3.
329 3799 532 3848 Nonius
554 3815 567 3847 ε
595 3797 870 3847 Deduccum
881 3833 900 3857 ,
927 3797 1158 3848 diminu-
1237 3793 1413 3844 Idem.
1441 3799 1637 3857 Honor,
1670 3799 1951 3861 praemium.

161 3875 282 3929 'tum
297 3915 312 3940 ,
336 3893 680 3945 suppressum.
1065 3928 1070 3932 ,
1311 3894 1358 3938 7.
1386 3879 1618 3926 Nonius:
1641 3878 1901 3944 Subigere,
1920 3897 2114 3948 cogere.

243 3973 294 4020 4.
333 3963 539 4014 Nonius
568 3979 580 4009 ε
623 3963 881 4026 spectare,
922 3961 1152 4028 dirigere.
1198 3951 1202 3956 ’
1309 3961 1364 4008 8
1396 3959 1625 4010 Nonius:
1655 3959 1877 4024 Efferre,
1903 3965 2119 4030 erigere,
2146 3965 2255 4074 ¹⁶³⁴.-

167 4039 340 4090 Idem:
367 4041 513 4090 Fam
525 4045 544 4100 ',
564 4037 778 4106 dirigere
791 4071 807 4100 ‚
826 4037 1026 4088 ducere.
1051 4060 1059 4066 ·
1233 4055 1367 4104 πη.
1422 4079 1428 4085 .

1776 4152 1862 4196 20
